1238 1888
421 108 805 142 EPISTOLAE.
1051 112 1123 147 309

111 201 162 233 M.
187 199 470 234 MARCELLUS
499 199 707 278 {ffiffizgg}
733 197 794 229 AC
819 197 1008 230 POPULO
1036 198 1121 230 CA-

195 311 339 345 XLVII.
369 311 471 344 Solus
486 311 709 344 Archimedes
723 312 782 343 ille
797 311 925 353 ingenii
940 311 992 341 sui
1020 311 1122 342 armis

107 369 170 401 pro
187 356 361 401 Syracusis
377 359 453 389 totis
468 356 651 399 depugnat,
667 365 699 388 et
713 356 810 388 nobis
820 366 937 387 earum
948 366 1123 398 expugua-

108 405 238 434 tionem
251 411 455 435 remoratur.
518 402 676 434 catanae}
704 403 818 440 vestri,
843 401 923 432 socii
951 402 1069 437 nostri,
1085 403 1121 432 in

107 447 298 488 obsidione,
313 455 412 479 nocte
427 447 561 489 dieque,
577 455 713 478 strenue
728 458 800 478 sese
824 453 1019 487 gesserunt,
1036 445 1122 478 nihil

108 493 167 523 otii
183 492 245 523 sibi
274 504 430 534 unquam
458 493 699 524 concedentes:
730 492 822 523 undo
851 501 931 533 prae
958 491 1120 522 omnibus

107 537 306 568 mortalibus
328 536 513 569 indefessos
541 548 596 569 eos
623 538 871 579 reputavimus.
932 536 972 567 ln
1000 535 1120 567 ardore

102 582 223 624 proelii
241 589 291 613 ter
304 593 422 613 muros
437 582 530 614 urbis
547 582 784 619 conscendere,
802 589 851 611 ter
879 580 926 611 ibi
955 582 1119 612 vexillum

102 637 259 668 posuere,
292 634 343 657 ter
358 626 399 658 ab
415 627 593 658 obstinatis
609 626 857 664 defensoribus,
886 625 928 656 ad
957 624 1121 668 despera-

105 672 233 702 tionem
250 670 367 703 eadem
383 670 426 702 de
441 682 538 703 causa
554 672 710 710 redactis,
727 671 863 713 depulsi
878 679 971 701 sunt.
1024 671 1116 702 Bona

105 725 222 746 eorum
238 727 314 758 pars
330 718 364 747 in
382 716 663 759 impressionibus
678 716 842 747 faciendis
858 716 970 757 periit,
995 723 1033 746 ut
1060 715 1115 746 vi—

103 768 161 791 vat
176 771 294 791 eorum
308 772 443 804 semper
457 763 491 792 in
508 761 603 792 nobis
619 761 776 798 amicitia,
807 763 1031 802 ipsorumque
1058 773 1118 805 pa-

103 805 186 836 triae
213 807 388 837 memoria.
449 805 577 838 Mittite
603 807 862 857 quamprimum
890 806 1051 846 reliquos,
1081 807 1116 836 in

103 849 317 881 obsessorum
346 852 453 892 spolia
481 852 584 892 inque
615 861 756 882 colonas
783 851 862 892 ipsis
890 861 1115 881 successuros.

102 893 191 925 Cum
218 894 342 933 iisdem
359 903 590 936 exspectamus
605 907 742 938 quoque
764 896 912 937 reliquas
927 895 1002 926 illas
1019 903 1112 926 cata-

99 939 223 980 pultas,
242 941 360 970 arietes
388 941 544 977 maiores,
574 948 769 981 ceterasque
798 939 987 978 machinas,
1015 947 1116 982 atque

100 990 267 1015 tormenta
282 986 391 1015 muris
407 983 658 1035 oppugnandis.
691 985 750 1016 Si·
743 998 777 1016 m
794 993 959 1029 tempore,
980 986 1115 1026 reliquo

99 1028 271 1060 frumento
287 1029 498 1060 conseveritis
525 1037 628 1061 castra
654 1026 897 1066 Romanorum,
927 1031 1113 1061 amicorum

101 1081 305 1112 vestrorum,
323 1076 380 1116 qui
409 1074 543 1113 lubem‚
572 1075 647 1117 paci
663 1085 700 1106 ac
714 1074 860 1106 libertati
891 1082 1020 1105 vestrae
1036 1086 1114 1118 per-

99 1119 277 1157 niciosam,
307 1130 349 1149 ev
353 1127 458 1149 ertere
487 1120 662 1159 nituntur,
691 1118 838 1150 reddent
866 1117 959 1151 vobis
987 1127 1112 1151 centu-

97 1163 208 1204 plum.

319 1251 630 1285 CATANENSES
646 1252 888 1285 HYBLAEIS.

185 1318 346 1353 XLVIII.
374 1319 500 1352 Iisdem
531 1321 597 1351 illis
614 1319 850 1359 testudinibus,
878 1322 1050 1360 arietibus,
1079 1329 1112 1352 et

98 1366 272 1398 tormentis
286 1365 419 1397 bellicis
434 1367 552 1408 captis,
569 1377 653 1406 quae
675 1365 769 1397 susus
785 1379 802 1397 a
818 1366 916 1397 nobis
945 1367 1108 1397 exercitus

98 1411 329 1453 Syracusanus
344 1412 490 1452 reliquit,
508 1421 587 1441 cum
603 1408 742 1453 'Hyblae
770 1411 862 1442 urbis
880 1413 1110 1453 oppugnatio-

99 1466 178 1486 nem
194 1467 369 1498 aggressus
387 1463 482 1492 esset‚
499 1454 714 1497 Megarenses
727 1467 845 1487 muros
861 1463 1061 1493 evertemus,
1078 1463 1110 1486 et

100 1511 181 1531 cum
208 1501 257 1532 M.
286 1500 452 1532 Marcello
477 1501 546 1531 iam
579 1501 754 1541 coepimus
783 1500 1013 1543 Syracusanos
1028 1511 1110 1532 con-

100 1552 223 1576 cutere.

167 1632 384 1667 SENATUS
416 1633 704 1667 CATANAEUS
739 1633 1039 1668 GYMNOPILO·

188 1701 314 1734 XLIX.
339 1701 417 1734 Non
433 1702 536 1756 quod·
543 1714 575 1734 es
595 1701 817 1741 Comarchus,
848 1710 890 1741 et,
917 1704 966 1734 uti
987 1714 1023 1734 re
1037 1703 1107 1746 ipsa

100 1748 174 1779 sati-
189 1747 322 1786 probas,
351 1747 392 1779 ab
410 1748 553 1790 antiquis
569 1747 737 1780 Heroibus
754 1743 924 1779 Catanaeis
939 1749 1107 1789 originem
