1238 1888
133 36 209 72 324
449 31 651 64 DIODORI
679 29 833 65 SICULl

133 101 183 132 rie
195 101 294 137 airis,
310 111 413 142 quem
428 101 515 130 vitae
528 100 742 142 spiraculum
756 102 918 134 nonnulli
933 101 1063 143 dicunt,
1078 105 1149 136 sive

133 158 150 176 a
166 145 315 187 crapula,
330 152 447 187 utpote
455 145 513 186 qui
527 146 629 186 primi
643 146 812 187 templum
827 146 1053 179 aedificarunt
1072 147 1148 179 De·

134 201 171 221 ae
186 201 265 220 snae
281 189 477 227 voracitati,
491 190 565 220 aliis
591 189 779 221 civitatibus
806 199 910 234 atque
931 192 1014 223 locis
1029 200 1146 234 terrae,

132 234 255 266 seculis
269 234 501 277 superioribus
515 244 654 276 prorsus
668 232 822 276 ignotam
851 236 921 268 sive
945 235 988 267 ab
1017 236 1146 280 Orgiis,

132 290 219 321 quae
236 279 431 320 frequenter
445 279 613 310 celebrare
635 279 800 319 solebant,
815 282 887 312 sive
900 280 942 312 ab
957 281 1019 312 alia
1030 293 1129 314 causa
1139 296 1146 304 ·

132 333 374 366 cog-noscerent
389 333 515 359 amem,
545 323 751 355 catanenses
778 327 888 357 multa
911 326 980 357 frui
995 327 1146 364 sariitate,

133 379 244 410 neque
254 368 464 400 medicorum
476 380 539 412 ope
549 367 712 410 indigere,
723 367 826 411 idque
835 371 1001 413 peculiari
1010 370 1145 404 cuidam

132 415 211 444 artis
225 414 379 455 medicae
395 422 535 452 secreto,
563 421 621 444 aut
636 421 775 444 naturae
798 415 971 454 beneficio,
988 416 1148 447 tribuen-

131 456 216 489 dum
231 458 292 489 sibi
310 457 572 501 persuaderent:
599 459 727 500 legatos
757 459 798 490 ad
815 458 1021 491 catanenses
1035 462 1147 492 mise-

131 511 223 541 rnnt‚
240 505 296 544 qui
313 505 347 534 in
363 503 578 539 morborum,
594 502 718 545 quibus
733 504 987 547 affligebantur,
1003 507 1150 537 curatio-

131 559 222 581 nem.
239 547 423 591 Syracusas
437 548 499 579 sibi
514 549 606 579 mitti
620 556 780 590 peterent
795 549 958 582 medicos,
973 550 1031 591 qui
1048 548 1150 581 Cata-

132 603 195 623 nae
211 593 309 623 otiosi
327 593 503 634 degerent,
519 604 630 635 neque
646 599 826 634 quaestum
840 605 941 626 suum
957 595 1001 626 ibi
1017 596 1149 626 exerce-

133 649 167 668 re
181 645 335 680 possentg
352 640 402 669 sin
417 639 545 676 minus,
556 639 778 669 edocerentur
786 639 919 677 saltem,
935 639 1058 681 quibus
1072 651 1149 672 me-

130 681 255 713 dicinis
271 682 475 714 catanenses
491 684 539 714 uti
562 683 711 714 solerent
724 683 768 714 ad
781 684 918 715 morbos
933 694 1012 715 suos
1027 695 1150 716 curan-

133 726 207 763 dos,
238 739 276 758 ac
290 729 471 759 sanitatem
487 726 784 759 conservandam?
825 727 959 770 Quibus
987 728 1147 761 catanaei

130 772 358 807 subridentes
372 772 570 804 brevissima
588 772 649 802 bac
673 774 811 814 epistola
834 771 1102 815 responderunt:

184 838 443 871 CATANAEI
453 838 807 915 SYlssffgggfngS
821 841 1115 873 AEGROTAN-

231 953 486 984 Con-servatrix
512 956 659 982 nostrae
687 950 863 982 sanitatis
889 957 942 982 est
969 952 1087 984 victus
1115 959 1151 985 et

137 998 252 1029 coitus
264 996 508 1039 parsimonia,
537 994 710 1027 medicina
723 993 826 1027 nohis
851 997 1067 1034 exercitium,
1083 1008 1152 1029 me-

140 1043 239 1074 dicus
255 1048 374 1073 autem
389 1042 528 1073 animus
555 1039 789 1084 tranquillus.
840 1039 978 1073 Valete.

229 1131 457 1163 Celebrantur
473 1130 629 1167 catanae,
646 1130 730 1160 urbe
747 1130 897 1168 Siciliae,
911 1130 986 1162 ludi
1002 1129 1151 1163 Secula-

137 1188 200 1214 res,
214 1187 294 1219 prae
311 1178 432 1208 ceteris
448 1175 608 1207 omnibus
623 1175 819 1206 sollemnes.
865 1175 915 1206 Ibi
932 1186 1012 1206 cum
1027 1177 1152 1208 immo-

139 1221 225 1258 dice,
241 1231 305 1252 nec
319 1220 389 1252 sine
403 1221 618 1262 reliquorum
634 1220 946 1251 circumfluentium
962 1228 1151 1260 contemtu,

137 1278 207 1299 sese
223 1267 357 1298 efferret
369 1265 590 1303 Postumum,
608 1265 676 1296 dux
691 1266 873 1308 Ery-cinus,
900 1275 1021 1297 verum
1050 1273 1152 1308 atque

139 1313 380 1342 immerentem
408 1318 540 1353 patrem
568 1320 708 1351 negans,
737 1317 770 1340 et
791 1310 918 1351 insigni
945 1312 980 1341 in
995 1320 1152 1350 matrem,

137 1358 358 1388 castissimam
373 1364 472 1398 atque
499 1354 776 1386 honestissimam
803 1355 967 1386 feminam
979 1380 987 1394 ,
1015 1356 1152 1394 iniuria,

139 1401 272 1444 publice
290 1401 437 1431 nothum
451 1411 523 1431 sese
539 1399 696 1430 dictitans
711 1400 825 1430 nescio
836 1400 932 1431 cuius
947 1399 1013 1431 Dei
1022 1399 1155 1432 Hadra-

139 1448 187 1482 ni,
203 1445 470 1478 Hadranitarum
480 1444 630 1476 numinis
643 1459 651 1484 ς
666 1445 872 1486 gloriaretur
886 1445 997 1481 etiam,
1012 1457 1083 1477 sese
1098 1456 1154 1477 ce-

139 1491 217 1523 teris
232 1490 392 1522 omnibns
405 1490 440 1521 in
455 1490 563 1521 stadio
578 1489 772 1521 cursoribus
800 1489 977 1521 velocitate
1006 1491 1154 1533 palmam

142 1537 236 1568 facile
258 1537 460 1578 praeripere,
475 1535 531 1566 vel
547 1542 715 1566 armatum
743 1535 852 1565 immo
874 1542 1038 1566 onustum
1051 1547 1152 1566 aenea

142 1580 317 1612 immodici
347 1588 378 1611 et
409 1581 515 1622 iniqui
543 1578 706 1622 ponderis
734 1586 921 1611 armatura:
949 1590 1152 1623 responsum

143 1627 205 1668 ipsi
232 1637 248 1656 a
277 1624 499 1668 Terpsindro‚
527 1626 649 1656 iuvene
676 1631 833 1663 strenuo,
862 1623 1044 1656 cannaco:
1070 1623 1152 1654 Plus

144 1673 250 1702 currit
266 1681 397 1704 cervus,
413 1681 450 1702 ac
465 1677 575 1713 portat
587 1671 715 1709 mulus,
731 1680 834 1713 quam
849 1669 903 1699 vel
930 1670 1031 1701 multi
1049 1668 1149 1700 simul
