1238 1888
413 65 788 99 EPISTOLAE.
1037 72 1112 108 313

101 148 143 171 ex
156 138 282 175 statuis,
299 137 452 178 aliisque,
479 146 563 177 quae
592 135 626 165 in
652 145 687 164 ea
703 142 797 172 sunt,
813 136 1014 174 simulacris,
1043 137 1112 168 Ro-

101 193 194 214 mam
208 183 306 214 mitto
332 189 479 214 statuam
494 179 608 211 Matris
624 180 761 217 Terrae,
776 180 845 210 sfve
862 179 1018 217 Naturae,
1033 192 1111 212 ma-

99 227 280 265 millatam,
297 238 381 270 opus
395 224 575 265 Mamurii;
591 231 734 255 statuam
750 225 888 256 Veneris
899 224 1110 265 Homicidae,

97 270 242 314 pedibus
258 272 426 309 mutilam,
442 271 583 302 alteram
600 269 759 301 Galateae
791 279 869 300 cum
884 268 1064 311 Delphinis
1080 279 1111 303 et

97 315 224 348 concha
238 316 381 352 marina,
399 323 431 346 et
443 322 588 346 statuam
614 312 729 345 Acidis
757 313 898 345 bicornis
913 316 1111 357 mysterioss

97 360 224 403 absque
238 360 380 392 brachiis
395 359 612 397 elaboratam,
628 369 708 390 eum
717 359 878 390 altissima
888 359 943 390 illa
955 359 1110 402 Cybeles,

97 406 157 438 sed
172 406 348 443 confracta,
365 407 407 436 ita
426 413 552 443 tamen,
569 411 607 434 ut
627 402 860 434 reconcinnari
876 412 988 445 queat.
1018 404 1109 447 Ope-

97 461 132 481 ra
147 450 282 488 Museo,
297 461 403 490 eoque
416 450 580 487 Romano,
596 447 687 479 haud
703 447 854 490 indigna.
904 448 995 480 Cum
1018 449 1108 482 hisce

101 506 165 526 nna
182 495 284 526 etiam
297 495 462 526 oneliscus
478 495 537 524 ille
552 494 714 525 mittitur:
731 504 815 535 quae
829 501 948 525 cuncta
965 494 1107 526 Senatus

96 540 234 582 recipiat
250 548 451 582 acceptaque
472 537 603 576 habeat,
631 538 705 569 loco
736 537 852 569 tributi
881 539 988 577 istius,
1016 538 1107 580 quod

96 585 252 616 nondum
269 584 429 626 persolvit
442 584 567 621 civitas,
597 584 651 614 vel
679 593 719 613 ex
745 591 838 625 parte
868 582 979 613 adhuc
995 582 1107 616 debet.

96 629 228 660 Luxere
245 630 446 660 catanenses
463 628 625 669 religiosi,
640 627 742 658 rebus
763 628 806 658 ita
830 628 1008 659 carissimis
1023 640 1106 671 spo-

97 674 178 711 liati,
194 672 361 705 damnum
388 684 490 704 suum
518 673 598 704 licet
630 673 873 703 voluntarium.
937 672 1105 705 Decernat

96 717 244 750 Senatus
261 728 479 750 remunerare
508 729 630 748 eorum
656 716 810 748 lacrimas
836 716 1040 749 tributorum
1069 719 1102 750 in

95 774 199 795 annos
215 762 334 795 decem
348 763 556 801 remissione,
572 771 609 793 ut
637 763 749 792 ruinas
776 763 970 793 resarciant:
999 770 1104 793 cesset

93 808 232 839 interim
247 808 448 849 Quaesturz.
496 807 665 838 Immania
680 814 760 837 sunt
774 814 926 848 portenta
949 817 985 838 ac
999 819 1102 838 mon-

92 859 158 884 stra
186 863 296 895 nuper
322 854 356 883 in
386 851 499 882 Sicilia
527 859 720 893 conspecta:
762 852 921 882 Colossus
947 852 1100 884 Zancloti

92 908 305 929 marmoreus
319 898 492 928 Messanae
506 897 662 938 primum
675 904 778 927 noctu
802 897 938 927 coelesti
955 897 1099 939 quadam

90 943 259 984 salsugine
274 949 422 983 opernm,
438 941 631 982 insequenti
654 940 707 971 die
723 948 810 971 totus
838 941 872 971 in
888 942 1016 973 calcem
1031 941 1100 974 dis-

90 988 220 1018 solutus
248 995 305 1023 est,
334 994 372 1016 ut
400 996 440 1016 ne
456 985 524 1016 ulla
553 985 696 1027 quidem
722 997 797 1027 pars
819 987 966 1028 amplius
986 995 1098 1018 restet.

88 1031 234 1068 Taurus,
249 1031 532 1073 promontorium,
549 1032 618 1061 sive
632 1031 802 1072 scopulus,
817 1037 886 1061 arte
904 1032 937 1062 in
953 1031 1097 1063 sormam

90 1076 176 1107 tauri
192 1075 393 1113 elaboratus,
409 1074 472 1106 sub
488 1075 729 1112 Tauromenio,
757 1087 773 1105 a
797 1076 982 1108 continenti
997 1077 1098 1108 avul-

88 1131 156 1159 sus,
172 1128 204 1151 et
219 1120 323 1151 instar
337 1119 511 1162 sulphuris
538 1127 597 1151 aut
622 1120 798 1151 bituminis
825 1119 949 1151 ardens
976 1133 994 1152 a
1012 1123 1096 1152 mari

88 1165 266 1207 absorptus
284 1172 339 1203 est,
355 1175 436 1196 cum
448 1164 537 1196 bona
552 1163 656 1207 ipsius
675 1165 877 1195 continentis
891 1173 995 1207 parte·
1024 1166 1096 1208 Sy-

88 1212 215 1240 racusis
230 1216 337 1241 statua
354 1207 442 1240 Solis
457 1210 561 1242 vitrea
577 1218 628 1240 ter
643 1216 763 1252 sponte
787 1209 821 1239 in
837 1208 1016 1242 durissima
1037 1221 1095 1240 sa-

89 1265 129 1285 xa
147 1255 334 1296 pavimenti
358 1255 524 1297 prolapsa,
541 1265 651 1296 neque
668 1254 773 1285 ullam
789 1254 972 1285 fracturam
1001 1266 1093 1297 passa

89 1306 147 1337 est,
162 1310 204 1330 ne
220 1299 334 1340 digitis
362 1298 513 1341 quidem,
543 1300 601 1340 qui
628 1299 712 1330 aeris
741 1299 843 1329 instar
855 1300 1093 1331 flectebantur:

87 1343 248 1375 collocata
264 1351 378 1375 autem
392 1345 468 1375 loco
483 1354 613 1380 securo,
630 1351 748 1385 sponte
763 1341 796 1373 in
808 1350 916 1384 partes
931 1345 1092 1375 minutis-

86 1389 186 1420 simas
201 1388 340 1420 desiliit.
398 1387 576 1419 Materiam
593 1388 672 1419 haec
691 1387 838 1430 auguriis
868 1389 1090 1430 praebebunt,

84 1433 243 1465 Romanis
271 1439 385 1464 autem
420 1443 533 1474 neque
567 1431 783 1463 admirationi
819 1441 935 1465 erunt.
978 1444 1090 1476 neque

84 1477 215 1508 ten-ori.

153 1541 410 1580 CHRYSEUS,
438 1543 538 1575 DUX
566 1543 925 1585 CATANENSIUM,
955 1544 1027 1576 Nl-

340 1588 514 1620 THRIAE
542 1587 831 1622 PRAEFECTO.

171 1655 247 1688 Lll.
276 1654 456 1698 Numquid
471 1655 642 1696 credebas,
667 1657 782 1688 oculos
812 1665 941 1689 nostros
968 1657 1085 1689 charo-

83 1711 140 1742 poi¹
170 1712 238 1732 non
254 1700 521 1744 deprehensuro'
563 1701 617 1733 vel
644 1700 685 1732 de
701 1710 808 1739 nocte,
833 1701 985 1734 Nithriae
1003 1703 1086 1735 insi-
