1238 1888
152 87 226 121 320
467 80 658 114 DlODORl
693 81 847 114 SICULI

152 162 261 190 verso,
289 151 482 182 foveremus
498 148 691 186 discordias,
708 149 911 192 reipublicae
926 160 1059 182 nostrae
1075 163 1149 184 sem

151 208 221 238 per,
238 207 308 226 non
323 196 399 228 dico
416 196 450 225 in
478 206 612 226 summa
628 193 738 236 (quod
765 195 858 225 Deus
885 197 1026 239 avertat)
1054 198 1164 229 sedin

151 240 379 272 adscendente
396 247 485 270 rotae
502 247 595 281 parte
628 240 750 276 forent,
777 239 1034 282 maioribusque
1063 240 1164 274 donis

150 294 182 317 et
197 284 443 327 expiationibus
460 286 628 326 templum
644 283 830 315 Catanaeae
848 286 972 326 pariter
996 296 1034 316 ac
1062 286 1164 329 Syra-

151 341 294 361 cusanae
325 330 494 360 Fortunae
509 329 714 371 amplificare
738 336 770 359 et
785 328 1008 361 condecorare
1026 333 1162 373 potuis-

150 386 280 406 semus:
296 373 356 404 sed
370 373 571 411 discordiae,
588 381 619 404 et
628 373 875 404 sententiarum
884 372 1060 406 diversitas
1071 386 1165 408 com·

150 431 297 451 munem
312 419 461 460 quietern
476 418 623 457 turbant,
642 426 673 449 et
688 419 880 450 civitatibus
908 418 1027 450 nostris
1054 420 1165 452 intro-

152 464 283 496 ducunt
299 463 439 494 Penates
455 475 491 494 ac
507 465 608 495 Lares
625 470 808 494 extraneos.
862 462 1016 494 Ambitio
1047 473 1163 501 vestra,

152 522 171 541 o
188 509 400 552 Syracusani,
431 517 462 540 et
478 507 604 550 cupido
619 507 796 548 regnandi,
818 515 925 539 mater
953 517 1001 539 est
1017 510 1164 541 insolen-

152 557 227 592 tiae,
244 561 276 584 et
293 554 373 585 hacc
388 553 521 584 bellum
539 553 632 584 vobis
648 553 875 584 domesticum
895 559 927 582 et
941 554 1163 595 peregrinum

151 601 252 642 parit.
299 600 475 630 Exercitus
490 606 610 635 vester,
626 597 688 628 sub
708 598 799 628 urbis
815 604 945 628 nostrae
961 599 1092 641 moenia
1112 599 1161 630 fu-

150 656 206 675 sus
220 654 256 675 ac
271 654 388 675 caesus
405 644 453 674 ‘est
469 642 508 673 ab
529 642 628 673 armis
645 641 925 680 Atheniensibus,
943 650 974 673 et
990 642 1165 675 Catanaeis

151 690 258 728 sociis,
274 695 307 719 et
320 689 426 730 patria
441 695 547 718 vestra
562 687 702 728 languet
716 685 941 717 moribunda:
963 698 1048 729 quae
1069 688 1098 719 si
1118 689 1165 720 ti—

150 734 186 765 bi
203 744 276 764 cara
293 740 389 769 esset,
406 743 498 763 nunc
513 740 645 773 tempus
663 732 758 770 foret,
772 731 813 762 ab
842 732 981 763 interitu
997 744 1073 764 eam
1085 734 1165 765 vin-

150 777 297 815 dicandi,
313 776 523 808 restituendo
539 787 699 818 campum
715 776 962 818 Symaethium,
992 785 1024 808 et
1045 777 1165 809 urbem

149 823 301 865 Megara,
327 834 410 863 quae
426 823 516 864 pacis
533 830 684 863 tempore
700 819 943 852 Catanensihus
963 821 1080 853 amicis
1094 822 1164 854 fur-

150 868 215 898 tim
231 867 426 904 abstulistis,
443 875 476 897 et
489 867 686 907 occupastis,
710 864 876 896 eiiciendo
898 863 978 896 iude
1000 865 1161 907 praesidi-

151 923 222 952 um,
238 920 270 943 ct
286 911 478 942 libertatern
492 909 667 942 Leontinis
684 912 718 941 in
745 911 879 952 propria
906 909 986 941 sede
1005 921 1164 953 reparan-

150 955 212 993 do3
230 956 293 987 nisi
309 957 401 986 malo
417 963 527 986 vestro
543 957 694 997 ipsorum
712 954 886 986 Palladem
907 956 1084 988 victricem
1097 968 1162 987 ve-

148 1002 216 1032 litis
234 1000 377 1043 experiri
393 1008 426 1030 et
441 1001 527 1030 iram
549 1000 698 1038 Hecates,
723 1000 879 1041 ipsorum
893 999 1034 1038 ultricis,
1049 1000 1162 1033 denuo

147 1046 292 1078 irritare.
355 1042 393 1075 Si
421 1045 555 1076 cessatis
584 1044 694 1075 aliena
717 1044 904 1080 restituere,
935 1053 974 1073 ac
991 1044 1076 1075 Deas
1090 1045 1164 1077 illas

146 1092 292 1134 placare,
309 1100 372 1122 nec
386 1089 614 1120 Hecatombae
639 1088 747 1127 vobis,
776 1098 837 1119 nec
863 1087 1162 1131 Hecatonphoniae

146 1133 348 1179 proderunt.
388 1133 424 1166 Si
441 1132 653 1165 desiderium
670 1145 727 1164 vos
743 1140 844 1171 tenet,
861 1139 1038 1164 aeternum
1053 1142 1164 1166 statu-

146 1178 227 1211 endi
243 1179 421 1222 Syracusis
437 1179 606 1221 templum
634 1178 738 1215 Pacis,
765 1186 797 1210 et
824 1185 971 1209 avertere
988 1178 1162 1210 Eumeni-

147 1224 205 1257 das
221 1224 435 1259 Catauenses,
452 1231 587 1255 tractate
603 1235 655 1254 res
686 1224 785 1265 pacis.
836 1222 893 1253 Me
921 1220 964 1263 (si
992 1222 1088 1254 vobis
1115 1223 1160 1256 ita

145 1269 268 1313 placet)
296 1270 458 1311 rescripto
494 1275 607 1300 vestro
636 1268 893 1299 caduceatorem
921 1269 1095 1308 arcessite,
1126 1276 1163 1300 ut

145 1314 274 1347 Atticas
327 1322 359 1346 et
408 1312 612 1345 Catanenses
657 1314 762 1344 olivas
809 1313 843 1343 in
884 1313 992 1343 muris
1043 1314 1160 1345 vestris

147 1361 310 1402 plantem.

183 1425 534 1459 HERMOCRATES
573 1422 907 1502 SIJXKJIQUSANUS
932 1424 1123 1459 HYBRIDI

235 1538 364 1572 LXIII.
392 1539 548 1577 Falleris,
580 1537 698 1581 Hybri,
726 1539 754 1570 si
783 1537 903 1576 credis,
933 1538 1158 1580 Syracusanos

143 1584 188 1615 ob
203 1584 359 1616 fortunae
376 1592 614 1627 tempestatem
642 1581 857 1626 despondere
887 1583 1029 1617 animos.
1078 1583 1156 1616 Non

142 1630 184 1660 ab
199 1628 352 1661 hostibus
369 1631 446 1661 victi
460 1640 588 1666 sumus,
618 1627 677 1659 sed
703 1641 720 1660 a
738 1629 874 1672 propria
901 1627 1154 1660 conturbatione

143 1674 221 1705 fusi.
271 1674 384 1706 Grave
399 1674 565 1706 damnum
580 1672 677 1706 uobis
693 1675 804 1705 attulit
818 1674 948 1706 dueum
963 1681 1153 1705 nostrorum

144 1718 343 1760 multitudo,
359 1727 392 1751 et
405 1719 651 1762 imperatorum
666 1718 774 1751 turba.
833 1718 924 1751 Nam.
938 1719 964 1750 si
980 1719 1088 1761 pauci,
1116 1718 1154 1749 ii·
