1238 1888
175 97 410 129 BlBLlOTH.
427 95 549 129 HIST.
567 96 650 128 LlB.
667 96 796 130 XVIII.
812 96 912 129 CAP.
932 104 991 137 61.
1041 103 1088 138 95

74 182 134 211 νης
151 167 301 216 ἐσχάρας
317 167 464 211 ἐχούσης
479 168 562 215 πῦρ,
581 167 742 202 ἐπέθυον
760 168 797 201 ἐκ
817 167 986 213 κιβωτίου
1001 181 1088 216 χρυ·

73 224 140 259 σοῦ
157 223 283 265 πάντες
302 222 336 258 οἱ
363 220 528 271 ἡγεμόνες
556 223 618 258 τόν
643 235 678 257 τε
706 223 901 269 λιβανωτόν
930 222 990 259 καὶ
1017 225 1087 260 τῶν

75 275 187 315 ἄλλων
206 276 342 314 εὐωδῶν
362 281 406 315 τά
424 279 725 320 πολυτελέστατα,
764 278 823 313 καὶ
843 279 1087 327 προσεκύνουν

71 334 115 375 ὥς
147 336 238 370 θεὸν
272 337 334 370 τὸν
365 333 597 382 Ἀλέξανδρον.
634 332 846 376 ἀκολούθως
877 334 914 369 δὲ
948 335 1088 378 τούτοις

72 391 207 440 δίφρων
226 393 362 426 πολλῶν
391 393 575 437 κειμένων,
613 391 781 432 ἐκάθιζον
805 389 863 426 ἐπὶ
888 390 1025 426 τούτων
1054 391 1089 427 οἶ

70 448 131 488 τοὶς
140 444 328 494 ἡγεμονίας
338 447 471 490 ἔχοντες
481 458 489 466 ·
510 444 569 481 καὶ
580 445 844 494 συνεδρεύοντες
853 446 1088 492 ἐβουλεύοντο

70 501 149 550 περὶ
167 504 237 538 τῶν
255 501 310 538 ἄεὶ
328 502 618 550 κατεπειγόντων.
658 502 679 537 ὁ
703 499 738 536 δ’
759 498 922 548 Εὗμένης
940 505 977 537 ἐν
997 503 1089 539 πᾶσι

71 560 147 599 τοῖς
168 560 486 606 χρηματιζομένοις
513 559 592 593 ἴσον
623 558 748 593 ἑαυτὸν
773 560 848 599 τοῖς
872 554 992 600 ἄλλοις
1008 555 1087 605 ἥγε-

70 615 179 660 μόσιν
198 612 441 650 ἀποδεικνύων
455 642 464 656 ,
504 613 562 648 καὶ
581 613 717 654 πάντας
735 615 813 654 ταῖς
830 614 1087 660 φιλανθρωπο-

70 670 195 710 τάταις
230 669 382 715 ὁμιλίαις
419 669 655 716 δημαγωγῶν,
690 670 750 703 τόν
777 682 812 703 τε
838 665 925 704 καθ’
952 671 1086 705 ἑαυτοῦ

70 726 215 772 φθόνον
251 724 485 773 ἀπετρίψατο,
523 723 583 759 καὶ
611 722 744 768 πολλήν
774 721 917 760 εὔνοιαν
950 726 986 761 ἐν
1013 727 1087 766 τοῖς

68 779 217 828 ἡγεμόσι
237 783 324 829 πρὸς
342 782 470 817 ἑαυτὸν
489 781 756 816 κατεσκεύασεν.
793 777 869 827 ἅμα
891 780 926 816 δὲ
946 780 1007 815 καὶ
1026 783 1086 826 τῆς

69 838 161 873 κατὰ
179 838 241 872 τὸν
258 838 408 884 βασιλέα
430 836 706 883 δεισιδαιμονίας
725 836 972 880 ἐνισχυούσης,
995 835 1085 884 ἄγα-

67 894 146 929 θῶν
163 892 314 928 ἐλπίδων
341 890 494 934 ἅπαντες
519 894 757 942 ἐπληροῦντο,
794 893 964 940 καθάπερ
991 893 1084 929 θεοῦ

67 963 164 992 τινος
183 946 299 984 αὐτῶν
317 946 531 997 ἡγουμένου.
554 949 685 995 ὁμοίως
704 949 741 984 δὲ
759 948 901 990 τούτοις
921 946 980 983 καὶ
998 950 1086 996 πρὸς

68 1006 150 1046 τούς
163 1003 446 1054 Ἀργυράσπιδας
458 1005 675 1046 Μακεδόνας
693 1005 973 1049 πολιτευόμενος,
995 1002 1086 1040 ἄπο-

72 1060 176 1106 δοχῆς
200 1062 353 1108 μεγάλης
378 1062 554 1109 ἐτύγχανε
570 1058 653 1108 παρ’
682 1057 823 1102 αὗτοῖς,
860 1058 904 1101 ὣς
922 1057 1017 1102 ἄξιος
1037 1058 1084 1096 ὢν

69 1117 128 1160 τῆς
156 1117 225 1151 τῶν
250 1117 423 1163 βασιλέων
454 1117 654 1164 φροντίδος.
701 1117 1018 1165 προχειρισάμενος
1047 1116 1085 1151 δὲ

67 1173 135 1207 τῶν
155 1172 266 1218 φίλων
291 1172 373 1213 τοὺς
399 1170 684 1213 εὐθετωτάτους,
723 1171 784 1206 καὶ
812 1170 894 1212 δούς
918 1171 1084 1220 χρήματα

68 1228 200 1275 δαψιλῆ
219 1228 308 1276 πρὸς
325 1226 388 1271 τήν
407 1227 621 1275 ξενολογίαν,
632 1228 832 1274 ἐξέπεμψεν,
845 1226 968 1275 ὁρίσας
988 1225 1084 1268 ἄξιο-

66 1282 196 1331 λόγους
213 1282 383 1330 μισθούς.
419 1281 530 1324 εὐθὺς
549 1280 577 1317 δ’
599 1282 635 1318 οἳ
651 1283 716 1329 μὲν
734 1281 781 1324 εἷς
799 1280 864 1326 τη“ν
884 1282 1083 1328 Πισιδικὴν

64 1338 125 1375 καὶ
142 1341 286 1376 Λυκίαν
304 1339 366 1375 καὶ
383 1338 446 1384 τὴν
466 1341 705 1386 πλησιόχωρον
725 1339 975 1388 παρελθόντες,
1014 1341 1082 1380 ἐξε-

65 1397 239 1444 νολόγουν
258 1398 444 1443 ἐπιμελῶς·
466 1394 501 1430 οἳ
511 1395 547 1431 δὲ
556 1393 618 1439 τήν
627 1393 1078 1442 Κιλικίανέπεπυρεύοντο,

64 1448 165 1488 ἄλλοι
186 1451 222 1487 δὲ
241 1449 304 1497 τήν
323 1454 444 1497 κοίλην
463 1451 602 1501 Συρίαν
618 1450 678 1486 καὶ
702 1450 889 1495 Φοινίκην,
923 1451 1015 1492 τινὲς
1045 1451 1082 1487 δὲ

63 1508 126 1550 τοὶς
144 1510 181 1544 ἐν
199 1508 244 1555 τῇ
258 1507 396 1556 Κύπρῳ
416 1509 542 1549 πόλεις.
572 1507 831 1554 διαβοηθείσης
851 1506 888 1542 δὲ
906 1507 967 1550 τῆς
985 1508 1084 1547 ξενο-

63 1564 195 1613 λογίας,
216 1563 276 1600 καὶ
296 1565 356 1608 τῆς
374 1565 608 1611 μισθοφορᾶς
627 1561 816 1611 ἀξιολόγου
835 1564 1078 1610 προκειμένης,

65 1619 191 1657 πολλοὶ
211 1619 272 1656 καὶ
287 1622 355 1656 τῶν
373 1624 411 1656 ἐκ
429 1617 664 1666 τῆςἜλλοὶδος
683 1620 816 1656 πόλεων
834 1617 998 1654 ἐθελοντὶ
1016 1632 1078 1654 κα-

66 1677 218 1721 τήντων,
254 1676 421 1725 καὶπρὸς
449 1675 511 1722 τὴν
537 1675 724 1724 στρατείαν
742 1673 1008 1723 ἀπεγράφοντο.
1044 1677 1081 1710 ἐν

66 1730 173 1782 ὀλίγῳ
192 1732 230 1769 δὲ
244 1733 361 1782 χρόνῳ
380 1733 617 1779 συνήχθησαν
635 1730 733 1775 πεζοὶ
751 1731 815 1780 μὲν
844 1730 987 1772 πλείους
1014 1732 1081 1766 τῶν
