1238 1888
408 70 786 105 EPISTOLAE.
1035 74 1106 110 305

95 142 184 174 dum
199 149 310 173 nostra
328 139 651 182 Chaldaeorumque
666 140 822 170 vaticinia
837 138 1015 181 despectui
1045 138 1109 170 ha-

0 203 2 225 *‚
98 187 164 225 bet,
180 195 325 217 mortem
335 185 574 223 tibiaccelerat,
590 183 826 221 oAlexander,
856 184 903 214 fili
914 195 983 214 non
996 183 1108 215 Ham-

0 228 2 252 *
96 232 222 268 monis,
237 229 296 261 sed
312 229 477 272 Philippi.
525 229 561 261 Si
576 229 772 273 Babylonia,
802 229 892 260 fatali
921 228 983 259 tibi
1012 228 1108 266 urbe,

95 275 251 314 abstines,
270 275 454 316 tranquille
483 273 524 305 ad
541 275 678 306 ultimos
706 274 858 304 victurus
888 284 922 303 es
938 273 1109 304 climacte-

92 321 197 352 ricos.
245 319 339 360 Quae
367 319 433 350 diis
460 320 546 350 clara
573 327 668 357 suut,
700 317 788 350 haud
820 318 954 360 penitus
977 329 994 348 a
1012 317 1107 348 nobis

95 363 297 396 mortalibus
313 365 525 407 ignorantur.
587 363 678 395 Cum
700 365 811 405 itaque
834 361 1049 393 immutabile
1067 364 1108 393 sit

95 410 216 446 satum,
232 417 264 440 et
279 408 319 440 ab
335 409 526 440 aeternitate
547 410 692 450 profluat
735 407 956 438 irrevocabile
972 418 1108 448 quoque

95 455 205 486 telum
220 455 328 485 mittat
350 464 483 484 necesse
511 460 569 490 est,
599 462 630 484 et
658 452 874 495 irreparabile
903 452 1029 483 vulnus
1058 452 1108 482 iu-

96 498 184 530 ferat
199 499 240 536 ei,
257 499 314 540 qui
329 499 438 529 sciens
453 508 490 528 ac
505 497 655 540 prudeus
671 497 760 529 illud
776 498 969 528 incurrerit.
1018 496 1104 527 Vive

97 551 215 575 autem
229 551 264 574 tu
291 542 363 581 tihi,
392 541 558 584 uobisque
573 541 757 578 Catanaeis,
787 543 942 583 victoque
957 553 974 573 a
990 548 1022 572 te
1035 548 1106 572 ter-

96 598 216 619 rarum
236 587 322 626 orbi,
338 589 364 619 si
379 589 437 625 vis,
453 588 616 630 quoniam
631 595 733 629 potes,
757 597 837 617 cum
852 587 920 617 iam
948 587 1047 617 scias:
1075 598 1092 617 a

97 632 214 672 nescis,
242 643 351 674 neque
367 640 470 674 potes,
492 633 519 663 si
537 643 605 662 non
623 633 683 663 vis.

188 719 616 754 ANAPHORMACHUS
646 719 1009 753 SOPHIAMITRAE.

187 787 298 820 XLII.
321 787 494 820 Infaustus
510 789 655 819 influxus
671 789 823 820 coelestis
845 787 928 820 adeo
946 790 1105 820 maritum

95 840 196 864 tuum
213 841 310 875 urget
327 832 369 863 :ul
385 833 611 876 oppetendam
628 841 776 864 mortem
791 834 825 864 iu
847 835 953 875 aquis,
983 834 1106 875 quibus

96 884 271 921 tantopere
298 876 496 914 delectatur,
526 885 563 907 ut
590 876 630 907 ab
658 878 698 909 iis
720 879 820 909 avelli
838 886 999 919 nequeat:
1016 885 1104 909 amat

94 924 209 964 itaque
223 933 309 960 rem,
327 922 360 952 in
377 934 443 964 qua
457 923 548 958 latet,
566 933 602 952 ac
617 929 749 963 paratus
779 930 826 953 est
841 924 905 965 ipsi
935 922 1105 954 interitus:

95 974 129 997 et
147 968 309 998 comitem
323 965 425 998 habet
447 968 605 998 inimicus
630 966 684 996 bic
707 968 852 1000 influxus
875 966 1105 999 immodicum

94 1011 290 1042 divitiarum
310 1022 449 1042 suarum
465 1022 627 1049 amorem,
645 1022 729 1052 quae
744 1013 904 1053 profecto,
920 1013 947 1043 si
963 1011 1004 1043 ad
1020 1014 1105 1043 vitae

93 1054 381 1087 inaestimabilem
410 1056 510 1086 illum
537 1055 735 1086 thesaurum
773 1064 1022 1099 comparentur,
1063 1067 1104 1087 ne

94 1101 270 1132 tantillum
286 1100 426 1141 quidem
448 1101 572 1131 valent.
630 1099 761 1132 Horreo
789 1102 861 1132 eius
892 1102 991 1140 mala,
1020 1112 1104 1143 quae

94 1146 222 1176 mentis
248 1145 321 1175 acie
348 1146 534 1187 perspicio:
564 1156 643 1176 nam
672 1156 790 1176 caecus
808 1153 868 1183 est,
896 1147 1001 1177 oculis
1018 1145 1104 1177 nihil

90 1200 232 1220 cernere
251 1189 347 1227 valet,
364 1189 519 1231 adeoque
531 1200 591 1220 nec
608 1190 717 1221 timet.
746 1189 856 1221 Doleo
872 1192 981 1221 vicem
996 1199 1102 1229 tuam,

95 1242 236 1276 tuaeque
251 1234 379 1271 matris,
396 1232 576 1276 quodcum
590 1232 632 1264 ad
647 1245 726 1276 opes
742 1235 815 1265 eius
831 1246 929 1266 avare
944 1235 1101 1266 attenda-

95 1281 146 1317 tis,
162 1288 324 1321 personae
340 1279 552 1321 negligentes
567 1279 638 1309 sitis
654 1290 690 1309 ac
705 1279 854 1321 prodigi,
872 1281 952 1310 etin
968 1281 1103 1311 caritate

94 1323 263 1354 crudeles.
304 1323 396 1354 Deos
412 1334 550 1366 precare
565 1334 624 1365 pro
640 1335 706 1361 me,
724 1323 781 1365 qui
798 1326 903 1355 tim-eo
919 1335 956 1356 ac
971 1336 1101 1367 precor,

94 1379 225 1410 proque
249 1379 298 1406 eo,
313 1380 330 1399 a
347 1379 413 1409 quo
430 1376 486 1399 tua
497 1377 701 1410 tuorumque
717 1369 869 1400 filiorum
883 1370 953 1400 vita
964 1369 1106 1412 pendet:

93 1424 133 1445 ac
148 1411 292 1455 perdere
307 1413 376 1442 noli
394 1421 538 1454 tempus,
555 1414 636 1454 quin
666 1411 837 1444 assiduam
865 1414 961 1445 facias
989 1416 1104 1446 salutis

96 1459 159 1500 ipsi
175 1458 426 1495 consultricem,
445 1458 598 1499 vitaeque
614 1456 791 1496 medicam,
822 1458 980 1500 linguam
997 1466 1103 1491 tuam.

210 1544 452 1578 CATANAEI
467 1545 721 1579 TOPATREO
740 1546 987 1579 ARIARCHO.

184 1612 311 1645 XLlIl.
344 1613 489 1645 infinitis
517 1612 698 1645 mendaciis
726 1625 762 1647 ac
789 1615 876 1647 dolis
904 1615 1104 1658 persuadere

94 1666 236 1690 conatus
252 1669 286 1689 es
302 1658 461 1696 Eumeis,
478 1659 748 1697 Himerensibus,
765 1667 797 1691 et
811 1658 1039 1703 Syracusanis,
1069 1669 1104 1692 ut

93 1702 225 1735 bellum
240 1703 402 1744 facerent,
420 1703 510 1735 hisce
526 1712 688 1746 tanquam
704 1705 746 1736 ob
763 1705 814 1736 ius
831 1706 864 1735 in
887 1715 1009 1748 agrum
1038 1717 1102 1737 no-

141 1759 242 1791 onn.
258 1758 298 1792 T.
314 1757 374 1790 VI.
849 1761 880 1791 U
