1238 1888
113 74 347 128 ΒιοιιοΤΗ.
363 86 480 121 HIST.
498 83 584 117 ΜΒ,
598 81 678 115 xx.
690 81 792 113 CAP.
805 82 885 119 104·
901 81 982 117 105·
1006 77 1078 115 427

69 164 194 212 φιλίαν
211 160 425 205 ἐποιήσαντο
444 157 534 204 πρὸς
553 152 636 194 τοὺς
657 150 912 200 Ταραντίνους.
954 148 1023 181 τῶν
1044 144 1080 180 δὲ

71 218 354 257 Μεταποντίνων
385 212 428 250 οὗ
449 210 693 261 προσεχόντων
712 203 821 253 αὐτῷ,
843 204 924 245 τούς
940 206 1080 238 Λευκα-

71 276 153 318 νούς
186 273 299 310 ἔπεισε
333 269 568 317 συνεμβαλεῖν
602 263 649 306 εἷς
676 263 739 307 τὴν
762 262 900 308 χώραν·
949 257 1010 293 καὶ
1034 255 1082 303 τῷ

69 330 181 382 καιρῷ1
200 328 490 374 συνεπιθέμενος,
518 321 756 365 κατεπλήξατο
776 318 857 358 τούς
885 321 1080 352 Metanov-

69 389 198 429 τίνους.
241 382 431 434 παρελθὼν
460 377 488 416 δ’
508 378 554 421 εἶς
572 379 635 423 τὴν
653 377 757 411 πόλιν
772 373 815 414 ὥς
835 372 946 418 φίλος,
966 368 1080 417 ἐπρά-

68 447 151 487 ξατο
170 443 235 490 μὲν
261 439 438 489 ἀργυρίου
470 438 626 472 τάλαντα
653 432 760 468 πλείω
787 430 854 465 τῶν
879 425 1079 469 ἑξακοσίων,

71 499 256 540 διακοσίας
285 496 322 532 δὲ
351 494 556 542 παρθένους
582 490 644 530 τὰς
661 485 944 533 ἐπιφανεστάτας
960 481 1083 528 ἔλαβεν

69 555 118 597 εἷς
136 555 325 603 ὁμηρείαν,
358 547 424 592 οὐχ
443 545 553 589 οὕτως
570 548 630 590 τῆς
647 543 728 590 περὶ
747 543 810 587 τὴν
827 540 947 576 πίστιν
966 536 1084 582 ἄσφα-

71 612 165 653 λείας
179 611 295 658 χάριν,
315 606 358 648 ὦς
375 607 435 650 τῆς
453 603 545 644 ἰδίας
564 601 676 637 ἕνεκεν
695 598 867 646 λαγνείας.
903 593 1086 639 ἀποθέμε-

71 681 131 708 νος
155 667 226 714 γὰρ
251 665 315 709 τὴν
334 660 545 703 Λακωνικὴν
577 657 736 700 ἐσθῆτα,
774 652 913 688 διετέλει
931 649 1084 698 τρυφῶν,

74 720 134 759 καὶ
153 721 235 762 τοὺς
253 717 512 756 πιστεύσαντας
530 710 626 760 αύτῷ
645 706 985 753 καταδουλούμενος.
1023 717 1082 748 τη-

74 777 243 818 λικαύτας
269 776 339 823 γάρ
365 772 449 817 ἔχων
476 770 642 813 δυνάμεις
669 765 731 802 καὶ
752 764 941 813 χορηγίας,
980 756 1086 795 οῦδὲν

76 837 137 880 τῆς
163 833 333 881 Σπάρτης
366 825 466 870 ἄξιον
501 826 656 874 ἔπραξεν.
707 821 898 867 ἐπεβάλετο
925 817 989 865 μὲν
1016 815 1088 864 γάρ

78 889 136 928 ἐπὶ
163 890 227 934 τὴν
255 886 422 924 Σικελίαν
461 880 682 930 στρατεύειν,
722 876 766 918 ὦς
800 877 864 920 τὴν
890 871 1088 921 τυραννίδα

80 948 141 984 μὲν
167 942 376 981 καταλύσων
402 940 465 983 τὴν
487 935 760 986 Ἀγαθοκλέους,
797 933 860 977 τὴν
880 927 908 965 δ’
935 925 1090 964 αὗτονο-

80 1004 166 1049 μίαν
194 1002 267 1042 τοῖς
287 995 512 1034 Σικελιώταις
531 990 856 1034 ἀποκαταστήσων·
895 985 1091 1033 ὑπερθέμε-

82 1071 142 1099 νος
176 1057 214 1092 δὲ
248 1053 308 1090 ἐπὶ
340 1054 402 1088 τοῦ
439 1051 617 1098 παρόντος
642 1045 774 1090 ταύτην
803 1041 863 1087 τήν
892 1039 1089 1088 στρατείαν,

86 1113 251 1150 ἔπλευσεν
270 1107 315 1150 εἷς
333 1110 541 1155 Κέρκυραν·
592 1102 655 1138 καὶ
673 1101 850 1149 κρατήσας
872 1099 932 1142 τῆς
950 1096 1091 1136 πόλεως,

81 1168 268 1216 χρημάτων
306 1177 340 1199 τε
374 1163 517 1206 πλῆθος
552 1157 801 1206 εἰσεπράξατο,
836 1153 896 1190 καὶ
930 1150 1094 1199 φρουράν

84 1224 335 1273 ἐγκατέστησε,
379 1215 631 1263 διανοούμενος
666 1212 864 1261 ὁρμητηρίῳ
903 1207 1013 1254 τούτῳ
1050 1205 1096 1252 τῷ

87 1282 184 1328 τόπῳ
200 1277 419 1326 χρήσασθαι,
441 1271 502 1308 καὶ
521 1273 595 1313 τοῖς
620 1268 702 1319 περὶ
720 1269 782 1312 τὴν
795 1263 956 1302 Ἐλλάδα
976 1261 1094 1309 πράγ-

85 1348 196 1373 ιιασιν
215 1331 426 1380 ἐφεδρεύειν.

151 1419 277 1444 Tandem
301 1418 481 1449 Cleonymus,
504 1414 535 1437 ab
547 1412 603 1436 cius
618 1409 733 1442 regionis
758 1407 875 1432 bnbaris
891 1411 1046 1437 oppressus,
1070 1402 1097 1425 iu

86 1454 230 1485 Corcyram
245 1449 357 1480 aufugit.

178 1499 268 1534 105.
306 1491 434 1533 Εὐθὺς
455 1489 566 1527 δὲκαὶ
583 1486 776 1537 πρεσβειῶν
794 1485 881 1532 πρὸς
900 1478 1010 1517 αὐτὸν
1029 1493 1095 1515 πα-

88 1552 334 1603 ραγενομένων
364 1549 460 1597 παρά
488 1560 522 1581 τε
542 1543 748 1592 Δημητρίου
774 1541 838 1576 τοῦ
857 1535 1098 1585 πολιορκητοῦ

91 1609 155 1646 καὶ
173 1605 420 1653 Κασσάνδρου
437 1600 516 1651 περὶ
536 1599 746 1646 συμμαχίας,
765 1595 899 1632 τούτων
917 1593 980 1641 μὲν
998 1587 1101 1627 οὔδε-

90 1667 180 1712 ’τέρῳ
198 1662 418 1710 προσέθετο,
450 1658 530 1699 τοὺς
551 1657 585 1692 δὲ
609 1653 850 1702 Ταραντίνους
871 1649 931 1686 καὶ
948 1648 1016 1684 τῶν
1035 1643 1099 1681 δίλ-

97 1722 164 1757 zum
182 1719 279 1759 τινας
296 1717 503 1762 πυθόμενος
519 1711 769 1758 ἅφεστηκὲναι,
798 1709 859 1752 τῆς
875 1706 939 1752 μὲν
956 1700 1101 1750 Κερκύ-
