1238 1888
177 62 250 98 292
474 59 678 93 Dlonom
695 58 851 92 SICULI

177 138 264 157 anno
280 127 434 157 florentes
448 137 484 157 ac
495 126 744 169 frugifer-entes,
759 138 868 168 neque
885 126 1034 168 ingentia
1044 125 1187 169 peristy-

179 171 233 207 lia,
263 182 372 212 neque
389 173 480 214 regia
496 179 564 208 tun,
592 182 671 201 cnm
687 172 778 202 sellis
793 174 972 212 argenteis,
996 172 1080 202 solio
1102 173 1175 200 sul)-

176 216 349 257 selliisque
364 216 500 252 auratis,
517 227 626 256 neque
643 215 780 246 divitiae
796 224 881 253 tuae,
910 216 1061 252 deliciae,
1076 216 1182 246 aliae-

177 271 243 301 que
259 272 311 291 res
327 262 482 298 cariores,
499 260 794 302 pretiosioresqne,
810 271 891 301 quas
908 261 940 290 in
958 271 993 290 ea
1010 258 1092 291 urbe
1114 271 1182 290 non

178 306 295 336 minus
324 312 466 335 incertas
483 304 645 347 possides,
663 317 773 346 neque
790 304 874 335 adeo
898 304 1044 342 libertas,
1072 314 1181 344 neque

178 350 241 380 vita
258 357 325 387 tua,
342 360 451 391 neque
467 350 641 379 titulorum
659 350 759 392 longa
787 351 897 386 series,
929 359 988 379 nee
1003 348 1119 384 honor,
1137 356 1184 378 te-

176 405 254 424 cum
277 394 481 432 manebunt3
511 392 571 424 sed
598 402 654 424 ant.
681 396 905 436 vituperatus,
935 401 991 424 ant
1018 393 1182 435 profugus

176 440 279 477 vives,
307 440 450 481 singulis
467 439 558 469 horis
573 440 734 477 moriens,
751 447 816 477 aut,
846 441 878 470 in
895 438 1015 469 duram
1042 439 1184 468 servitu-

177 491 246 514 tem
262 483 426 515 abductus
442 484 706 515 inexorabilibus
721 484 905 515 victoribus
935 483 1084 513 Barbaris
1107 493 1182 513 ser-

176 530 255 566 vies,
272 530 444 571 perimens
461 537 514 560 tua
534 529 740 572 negligentia
769 530 938 560 maiorum
955 536 1096 559 tuorum
1111 528 1184 570 glo-

175 573 274 611 riam,
290 575 424 615 quaein
440 582 472 604 te
491 575 584 611 vivit,
601 586 721 605 verum
747 575 781 604 in
798 583 829 605 te
857 575 1033 610 morietur,
1046 606 1048 609 ,
1063 574 1090 603 si
1107 573 1184 604 elor-

177 619 261 649 mias
276 619 393 649 auxilii
411 626 573 660 tempore,
590 626 622 649 et
637 621 761 650 amicos
778 627 852 649 tuos
879 617 1057 649 indemnes
1084 628 1184 660 prae-

176 671 262 693 stare
278 665 447 706 negligas3
466 663 618 705 nihilque
635 665 787 694 inferiora
806 671 904 694 erunt
920 663 1044 694 damna
1060 670 1113 693 tua
1132 663 1184 693 in·

179 708 293 740 famia.
345 706 502 738 Praeveni
522 709 645 749 itaque,
662 720 680 738 ο
697 720 763 740 rex.
782 708 821 746 (si
841 709 902 738 hoe
918 707 975 738 tibi
993 719 1115 738 {tomen
1131 718 1185 737 ca·

176 763 253 783 rum
270 752 330 789 est)
348 754 633 795 exspectationem
650 752 889 789 sollicitudine,
918 753 1065 795 ipsisque
1081 752 1182 783 rebus

177 798 339 829 confirma
356 799 520 839 promissa
536 798 641 838 regia,
668 806 699 828 et
716 797 817 828 fidem
848 798 1011 836 Deorum,
1035 804 1067 827 et
1088 798 1180 838 leges

176 842 351 880 amicitiae,
380 850 412 872 et
427 841 545 873 advola
557 865 565 880 ‚
587 853 624 872 ac
651 841 796 873 defende
813 853 928 873 muros
944 850 976 872 et
992 843 1116 884 templa
1133 855 1183 872 sa-

174 896 239 922 cra,
256 886 379 928 quibus
394 895 572 929 parentum
588 894 725 918 tuorum
754 898 834 924 ossa,
863 889 1058 929 cineresque
1084 898 1184 917 vene-

177 931 285 970 randi,
300 939 500 973 sanctaeque
520 933 692 973 reliquiae,
723 932 946 974 Deornmqne
974 944 1049 963 arae
1078 933 1184 963 conti·

176 985 315 1009 nentur.

370 1065 614 1099 CATANAEt
649 1064 840 1098 COCALO
869 1067 993 1098 REGI.

417 1134 528 1178 Epist.
550 1133 645 1165 LIII
673 1133 772 1165 Libri
786 1134 946 1165 secundi.

263 1200 392 1233 XXVI.
423 1202 568 1242 Quaeris
596 1201 637 1232 ab
665 1201 818 1239 obsessis,
848 1213 915 1242 qno
937 1201 1011 1231 loco
1038 1213 1091 1232 res
1120 1203 1187 1233 sint

175 1245 370 1283 obsidionis,
399 1258 484 1287 quae
500 1247 648 1278 hostium
666 1248 764 1283 vires,
780 1248 919 1288 quinam
936 1247 1037 1278 boves
1057 1248 1107 1278 illi
1124 1249 1187 1279 Li-

177 1291 264 1333 byci,
292 1291 398 1333 quiin
414 1292 600 1333 perniciem
617 1299 765 1322 nostram
794 1290 929 1322 adducti
960 1300 1054 1324 sunt:
1080 1292 1186 1323 faxint

177 1335 244 1373 Dii,
261 1344 296 1366 nt
312 1337 487 1368 necessitas
505 1339 569 1373 fiat,
586 1337 610 1366 si
628 1335 708 1366 haee
724 1344 777 1367 tna
795 1344 844 1366 est
859 1337 1043 1375 curiositas,
1058 1337 1100 1368 ad
1117 1349 1187 1368 ma-

176 1380 334 1411 turandas
364 1380 553 1413 cohortium
581 1389 718 1412 tuarum
754 1381 935 1423 suppetiaS.
995 1381 1100 1413 Nobis
1131 1383 1185 1414 vix

180 1434 316 1468 tempus
334 1427 511 1468 reliquum.
529 1435 577 1457 est
593 1437 660 1456 non
677 1426 752 1456 dico
782 1425 937 1468 capiendi
967 1426 1094 1464 cibum,
1127 1435 1185 1458 ant

176 1471 282 1501 ullam
298 1472 454 1512 requiem
468 1483 568 1513 snper
589 1473 790 1513 oppugnatis
810 1472 928 1507 muris,
956 1470 1016 1502 sed
1045 1472 1099 1502 vel
1125 1483 1184 1502 re-

176 1514 337 1557 spirandi,
366 1515 408 1545 ob
431 1518 605 1547 continuas
637 1516 784 1546 hostium
815 1516 1030 1557 irruptioneS‚
1060 1515 1183 1557 quibus

176 1560 294 1591 multis
310 1559 351 1590 de
367 1562 519 1602 partibus
536 1559 683 1591 interdiu
701 1568 734 1591 et
749 1568 846 1590 nocte.
862 1561 1072 1598 infestamur,
1101 1560 1182 1591 certi

176 1605 240 1635 vita
255 1605 378 1646 potius,
393 1617 496 1646 quam
513 1607 628 1648 patria,
644 1615 790 1646 cumque
806 1606 910 1646 patria
937 1605 1064 1636 bonore
1079 1606 1180 1636 simul

174 1647 303 1680 cedere.
366 1649 465 1681 Hisce
494 1662 561 1681 non
577 1650 782 1681 obstantibus
799 1652 885 1680 inter
900 1660 1056 1681 saxorum
1073 1652 1179 1690 sagit—

173 1700 352 1736 tarumque
369 1701 598 1737 tempestates,
628 1702 659 1725 et
677 1703 765 1725 inter
781 1695 952 1735 sanguinis
968 1694 1106 1733 imbres,
1125 1696 1178 1726 in-
