1238 1888
386 35 765 70 EPISTOLAE.
1006 38 1078 74 297

71 115 250 147 nunquam
266 102 474 141 dimovebor,
491 116 600 146 neque
616 112 690 135 tuae
704 103 787 134 mihi
807 104 916 135 literae
932 115 1076 147 persua-

72 148 212 189 debunt,
231 157 264 180 at
278 162 294 181 a
309 150 534 181 sollemnibus
549 149 731 180 abstineam
750 149 1008 191 expiationibus.

153 215 395 250 CATANAEI
424 215 652 248 DAEDALO
684 213 997 248 ARCfflTECTO.

298 273 415 317 Epist.
430 272 543 304 LXX
565 271 672 304 Libri
684 273 844 304 secundi.

161 328 331 371 XXVIIL
370 328 533 359 Monuisti
571 339 643 365 nos,
673 328 816 359 fabricas
846 329 1079 361 Naumachiae

70 382 216 413 nostrae,
231 386 269 406 ac
284 373 371 405 Circi
390 374 536 411 Maioris,
552 372 643 415 quod
661 372 787 403 vicinae
817 375 930 408 nimis.
947 386 984 405 ac
1000 383 1078 405 tan—

69 427 143 451 tum
170 431 239 451 non
260 421 439 461 contiguae
465 419 534 449 sint
551 419 729 450 moenibus
751 420 883 453 nostris.
910 421 1077 450 scalarum

69 473 102 496 et
116 466 198 496 arcis
218 475 316 496 usum
335 471 449 495 contra
473 463 594 494 urbem
623 472 770 494 nostram
794 463 945 495 hostibus
973 476 1077 506 prae-

68 517 156 541 stare
173 521 280 552 posse.
329 509 511 551 Ingenium
528 508 613 539 illud
629 508 769 540 unicum
787 516 898 545 tuum,
916 509 1006 551 quod
1022 520 1078 539 ve-

70 563 182 586 terum
196 554 458 585 architectorum
476 553 509 583 in
528 553 618 584 hisce
633 564 782 583 errorem
800 553 896 584 nobis
912 562 1078 585 monstrn-

70 600 130 637 vit,
145 611 247 641 quem
264 606 313 630 tot
326 600 449 630 seculis
464 599 580 629 nullus
596 598 796 629 architectus
811 600 939 640 assequi
955 600 1077 642 potuit,

69 643 199 676 nedum
229 643 423 681 emendare,
447 650 613 675 monstret
644 643 741 674 nobis
770 655 905 685 qunque
923 643 1074 681 modum,

70 700 138 731 quo
153 689 242 720 saiva
266 700 409 732 opernm
438 696 507 720 tam
534 689 785 730 praeclarorum
814 690 1075 731 magnificentia,

71 735 160 765 vitiis
180 735 247 765 illis
260 733 405 771 mederi,
435 735 574 776 patriam
604 741 771 776 praestare
799 744 965 771 securam,
993 741 1025 764 et
1042 735 1074 765 in

69 779 368 822 propugnaculum
385 790 421 810 ea
437 778 533 809 nobis
549 786 746 809 convertere
776 789 952 819 queamus.
1004 777 1076 810 Aut

69 824 162 861 veni,
181 831 216 854 ut
231 823 294 855 hoc
310 835 369 854 nos
386 823 516 859 doceas,
550 823 723 864 simulque
746 824 880 854 intersis
902 834 1076 854 sacrorum

68 867 242 907 ludorum,
258 876 289 899 et
304 868 527 910 Epibatarum
553 868 763 910 spectaculis,
793 879 971 899 conscensa
998 870 1076 900 navi

70 922 194 951 nostra,
235 915 287 944 cui
316 915 384 944 alas
412 920 484 944 tuas
511 913 672 956 posuisti3
713 921 769 943 aut
797 912 952 951 rescribe,
993 913 1076 955 quid

71 967 171 990 tuum
191 958 277 990 illud
294 958 410 989 saliere
425 959 578 988 nescium
595 956 760 989 iudicium
777 965 841 988 tota
859 958 900 989 de
916 969 951 988 re
966 966 1077 990 statu-

72 1011 116 1035 at.
165 1003 307 1034 Interim
325 1004 358 1033 in
375 1010 617 1044 argumentum
634 1010 765 1033 nostrae
781 1015 857 1044 erga
876 1011 906 1033 te
923 1002 1076 1033 benevo—

72 1048 194 1079 lentiae
209 1049 320 1090 accipe
335 1046 404 1078 duo
419 1048 560 1078 talenta:
588 1047 668 1077 huic
697 1054 809 1078 autem
837 1047 1003 1078 desiderio
1019 1057 1076 1079 tuo

72 1096 156 1124 circa
173 1091 410 1136 praestandam
427 1092 521 1123 illam
538 1093 753 1123 securitatem
777 1093 901 1124 civitati
930 1102 1078 1128 nostrae,

72 1139 313 1176 consentimus,
330 1149 395 1168 non
420 1137 525 1167 nostri
543 1137 694 1178 ipsorum
711 1148 820 1173 causa,
845 1137 904 1168 sed
932 1145 969 1168 ut
985 1138 1078 1170 illam

72 1193 312 1214 conservemus
331 1181 490 1212 adversus
506 1181 662 1213 insidias:
692 1193 761 1212 non
777 1183 867 1212 enim
883 1190 950 1213 tarn
966 1194 1079 1225 angu-

70 1236 121 1259 sto
137 1227 264 1258 circulo
281 1226 409 1258 includi
425 1238 496 1258 sese
517 1227 694 1269 patiuntur
721 1227 822 1257 animi
852 1228 982 1268 magni:
1011 1240 1077 1259 non

70 1273 180 1309 crassi,
209 1284 277 1303 nou
308 1272 457 1314 triplices
470 1272 576 1307 muri,
605 1271 664 1302 sed
693 1272 756 1303 viri
785 1272 886 1302 sortes
908 1271 1032 1313 ubique
1048 1281 1078 1304 et

69 1317 281 1348 constituunt
295 1325 328 1348 et
342 1325 471 1348 armant
500 1317 668 1347 civitates.
718 1315 825 1348 Probe
854 1317 950 1353 nosti,
979 1328 1077 1348 canes

69 1361 276 1394 catanenses
292 1362 377 1393 intra
401 1362 502 1393 ovilia
523 1360 613 1392 haud
625 1369 750 1392 temere
777 1360 921 1391 obsideri
937 1374 953 1393 a
968 1361 1058 1404 lupis
1070 1388 1076 1394 .

67 1418 178 1448 neque
191 1418 353 1450 personae
369 1414 510 1445 nostrae,
527 1417 637 1448 neque
656 1417 760 1444 arma,
776 1407 878 1437 otiose
893 1413 966 1448 post
991 1418 1075 1438 mu-

66 1462 121 1484 ros
137 1452 251 1489 latent²
267 1450 326 1482 sed
347 1462 564 1495 praecurrere
579 1450 811 1486 adven-sanium
838 1452 963 1491 solent?
987 1463 1076 1494 quo-

80 1497 128 1528 ies
156 1497 356 1540 praevenire
371 1497 431 1528 sibi
447 1504 596 1528 conatur.

324 1561 635 1596 CATANENSES
662 1564 825 1597 ElDEM.

291 1620 402 1664 Epist.
431 1618 535 1652 XCV
567 1619 675 1653 Lzbri
698 1620 857 1653 secundi.

153 1674 282 1710 XXIX.
314 1675 457 1721 Saepius
472 1687 532 1708 uos
547 1674 696 1709 hortatus
713 1688 759 1714 es,
774 1679 934 1710 sollicitus
950 1677 991 1711 de
1011 1691 1077 1722 pu-
