<?xml version="1.0" encoding="UTF-8"?>
<!DOCTYPE html PUBLIC "-//W3C//DTD XHTML 1.0 Transitional//EN"
    "http://www.w3.org/TR/xhtml1/DTD/xhtml1-transitional.dtd">
<html xmlns="http://www.w3.org/1999/xhtml" xml:lang="en" lang="en">
 <head>
  <title>
</title>
<meta http-equiv="Content-Type" content="text/html;charset=utf-8" />
  <meta name='ocr-system' content='tesseract 3.04.00' />
  <meta name='ocr-capabilities' content='ocr_page ocr_carea ocr_par ocr_line ocrx_word'/>
</head>
<body>
  <div class='ocr_page' id='page_1' title='image "./diodorisiculibib05diod_0757.png"; bbox 0 0 1238 1888; ppageno 0'>
   <div class='ocr_carea' id='block_1_1' title="bbox 398 54 1103 94">
    <p class='ocr_par' dir='ltr' id='par_1_1' title="bbox 398 54 1103 94">
     <span class='ocr_line' id='line_1_1' title="bbox 398 54 1103 94; baseline 0.001 -8"><span class='ocrx_word' id='word_1_1' title='bbox 398 54 786 87; x_wconf 82' lang='lat' dir='ltr'>EPISTOLAE.</span> <span class='ocrx_word' id='word_1_2' title='bbox 1027 55 1103 94; x_wconf 80' lang='lat'>307</span> 
     </span>
    </p>
   </div>
   <div class='ocr_carea' id='block_1_2' title="bbox 87 121 1109 614">
    <p class='ocr_par' dir='ltr' id='par_1_2' title="bbox 87 121 1109 614">
     <span class='ocr_line' id='line_1_2' title="bbox 89 121 1105 166; baseline 0.003 -13"><span class='ocrx_word' id='word_1_3' title='bbox 89 121 164 153; x_wconf 79' lang='lat' dir='ltr'>cula</span> <span class='ocrx_word' id='word_1_4' title='bbox 178 128 302 160; x_wconf 76' lang='lat' dir='ltr'>nostra,</span> <span class='ocrx_word' id='word_1_5' title='bbox 317 130 350 153; x_wconf 86' lang='lat' dir='ltr'>et</span> <span class='ocrx_word' id='word_1_6' title='bbox 364 122 604 166; x_wconf 83' lang='lat' dir='ltr'>Tragoediam,</span> <span class='ocrx_word' id='word_1_7' title='bbox 618 134 688 155; x_wconf 87' lang='lat' dir='ltr'>non</span> <span class='ocrx_word' id='word_1_8' title='bbox 704 131 774 155; x_wconf 86' lang='lat' dir='ltr'>tam</span> <span class='ocrx_word' id='word_1_9' title='bbox 789 130 825 153; x_wconf 86' lang='lat' dir='ltr'>ut</span> <span class='ocrx_word' id='word_1_10' title='bbox 839 121 1053 164; x_wconf 78' lang='lat' dir='ltr'>voluptatem</span> <span class='ocrx_word' id='word_1_11' title='bbox 1067 133 1105 157; x_wconf 83' lang='lat' dir='ltr'>ex</span> 
     </span>
     <span class='ocr_line' id='line_1_3' title="bbox 89 165 1106 211; baseline 0.002 -14"><span class='ocrx_word' id='word_1_12' title='bbox 89 165 257 205; x_wconf 72' lang='lat' dir='ltr'>mole-tia,</span> <span class='ocrx_word' id='word_1_13' title='bbox 275 177 379 208; x_wconf 81' lang='lat' dir='ltr'>quam</span> <span class='ocrx_word' id='word_1_14' title='bbox 393 170 493 201; x_wconf 80' lang='lat' dir='ltr'>nobis</span> <span class='ocrx_word' id='word_1_15' title='bbox 509 169 617 207; x_wconf 76' lang='lat' dir='ltr'>affers,</span> <span class='ocrx_word' id='word_1_16' title='bbox 646 169 768 211; x_wconf 83' lang='lat' dir='ltr'>capias,</span> <span class='ocrx_word' id='word_1_17' title='bbox 785 178 889 209; x_wconf 86' lang='lat' dir='ltr'>quam</span> <span class='ocrx_word' id='word_1_18' title='bbox 911 174 950 198; x_wconf 87' lang='lat' dir='ltr'>ut</span> <span class='ocrx_word' id='word_1_19' title='bbox 974 177 1106 210; x_wconf 83' lang='lat' dir='ltr'>cogno-</span> 
     </span>
     <span class='ocr_line' id='line_1_4' title="bbox 88 210 1107 256; baseline 0.004 -15"><span class='ocrx_word' id='word_1_20' title='bbox 88 221 156 242; x_wconf 80' lang='lat' dir='ltr'>scae</span> <span class='ocrx_word' id='word_1_21' title='bbox 169 221 286 242; x_wconf 85' lang='lat' dir='ltr'>rerum</span> <span class='ocrx_word' id='word_1_22' title='bbox 301 210 532 247; x_wconf 86' lang='lat' dir='ltr'>humanarum</span> <span class='ocrx_word' id='word_1_23' title='bbox 546 213 785 256; x_wconf 81' lang='lat' dir='ltr'>Tragoediam,</span> <span class='ocrx_word' id='word_1_24' title='bbox 809 219 1107 255; x_wconf 74' lang='lat' dir='ltr'><strong>tyrannorumque</strong></span> 
     </span>
     <span class='ocr_line' id='line_1_5' title="bbox 88 255 1108 297; baseline 0.003 -11"><span class='ocrx_word' id='word_1_25' title='bbox 88 256 120 287; x_wconf 89' lang='lat' dir='ltr'>in</span> <span class='ocrx_word' id='word_1_26' title='bbox 136 255 237 287; x_wconf 72' lang='lat' dir='ltr'>huin·</span> <span class='ocrx_word' id='word_1_27' title='bbox 252 257 340 289; x_wconf 76' lang='lat' dir='ltr'>vitae</span> <span class='ocrx_word' id='word_1_28' title='bbox 354 270 453 291; x_wconf 84' lang='lat' dir='ltr'>scena</span> <span class='ocrx_word' id='word_1_29' title='bbox 467 259 648 297; x_wconf 86' lang='lat' dir='ltr'>miseriam,</span> <span class='ocrx_word' id='word_1_30' title='bbox 665 265 696 288; x_wconf 90' lang='lat' dir='ltr'>et</span> <span class='ocrx_word' id='word_1_31' title='bbox 718 258 760 289; x_wconf 90' lang='lat' dir='ltr'>ab</span> <span class='ocrx_word' id='word_1_32' title='bbox 775 256 1012 297; x_wconf 77' lang='lat' dir='ltr'>histrionibus,</span> <span class='ocrx_word' id='word_1_33' title='bbox 1027 257 1108 289; x_wconf 83' lang='lat' dir='ltr'>alie-</span> 
     </span>
     <span class='ocr_line' id='line_1_6' title="bbox 88 301 1108 345; baseline 0.003 -14"><span class='ocrx_word' id='word_1_34' title='bbox 88 311 148 333; x_wconf 73' lang='lat' dir='ltr'>nae</span> <span class='ocrx_word' id='word_1_35' title='bbox 162 311 324 344; x_wconf 74' lang='lat' dir='ltr'>personas</span> <span class='ocrx_word' id='word_1_36' title='bbox 338 303 480 345; x_wconf 84' lang='lat' dir='ltr'>indutis,</span> <span class='ocrx_word' id='word_1_37' title='bbox 495 304 678 345; x_wconf 81' lang='lat' dir='ltr'>intelligas,</span> <span class='ocrx_word' id='word_1_38' title='bbox 695 313 782 345; x_wconf 89' lang='lat' dir='ltr'>quae</span> <span class='ocrx_word' id='word_1_39' title='bbox 798 301 991 334; x_wconf 77' lang='lat' dir='ltr'>adulatores</span> <span class='ocrx_word' id='word_1_40' title='bbox 1010 303 1061 334; x_wconf 89' lang='lat' dir='ltr'>tui</span> <span class='ocrx_word' id='word_1_41' title='bbox 1076 310 1108 334; x_wconf 83' lang='lat' dir='ltr'>te</span> 
     </span>
     <span class='ocr_line' id='line_1_7' title="bbox 87 346 1107 388; baseline 0.004 -12"><span class='ocrx_word' id='word_1_42' title='bbox 87 346 208 383; x_wconf 81' lang='lat' dir='ltr'>celant,</span> <span class='ocrx_word' id='word_1_43' title='bbox 225 348 324 378; x_wconf 87' lang='lat' dir='ltr'>amici</span> <span class='ocrx_word' id='word_1_44' title='bbox 339 360 431 388; x_wconf 88' lang='lat' dir='ltr'>vero,</span> <span class='ocrx_word' id='word_1_45' title='bbox 448 358 479 381; x_wconf 87' lang='lat' dir='ltr'>et</span> <span class='ocrx_word' id='word_1_46' title='bbox 493 360 553 380; x_wconf 86' lang='lat' dir='ltr'>nos</span> <span class='ocrx_word' id='word_1_47' title='bbox 569 347 602 379; x_wconf 89' lang='lat' dir='ltr'>in</span> <span class='ocrx_word' id='word_1_48' title='bbox 616 348 678 378; x_wconf 86' lang='lat' dir='ltr'>hac</span> <span class='ocrx_word' id='word_1_49' title='bbox 692 348 829 378; x_wconf 86' lang='lat' dir='ltr'>fortuna</span> <span class='ocrx_word' id='word_1_50' title='bbox 845 348 930 378; x_wconf 84' lang='lat' dir='ltr'>circa</span> <span class='ocrx_word' id='word_1_51' title='bbox 953 355 1107 380; x_wconf 83' lang='lat' dir='ltr'>nostram</span> 
     </span>
     <span class='ocr_line' id='line_1_8' title="bbox 88 391 1108 435; baseline 0.002 -14"><span class='ocrx_word' id='word_1_52' title='bbox 88 399 253 432; x_wconf 85' lang='lat' dir='ltr'>tuamque</span> <span class='ocrx_word' id='word_1_53' title='bbox 267 393 424 432; x_wconf 85' lang='lat' dir='ltr'>salutem,</span> <span class='ocrx_word' id='word_1_54' title='bbox 441 395 502 426; x_wconf 90' lang='lat' dir='ltr'>tibi</span> <span class='ocrx_word' id='word_1_55' title='bbox 518 392 677 435; x_wconf 85' lang='lat' dir='ltr'>detegere</span> <span class='ocrx_word' id='word_1_56' title='bbox 692 404 762 424; x_wconf 90' lang='lat' dir='ltr'>non</span> <span class='ocrx_word' id='word_1_57' title='bbox 778 391 955 423; x_wconf 82' lang='lat' dir='ltr'>audemus.</span> <span class='ocrx_word' id='word_1_58' title='bbox 1003 392 1108 423; x_wconf 83' lang='lat' dir='ltr'>Parce</span> 
     </span>
     <span class='ocr_line' id='line_1_9' title="bbox 88 436 1109 479; baseline 0.001 -13"><span class='ocrx_word' id='word_1_59' title='bbox 88 436 147 467; x_wconf 89' lang='lat' dir='ltr'>tibi</span> <span class='ocrx_word' id='word_1_60' title='bbox 161 448 166 466; x_wconf 70' lang='grc' dir='ltr'>ς</span> <span class='ocrx_word' id='word_1_61' title='bbox 183 447 264 468; x_wconf 87' lang='lat' dir='ltr'>nam</span> <span class='ocrx_word' id='word_1_62' title='bbox 279 440 336 479; x_wconf 88' lang='lat' dir='ltr'>qui</span> <span class='ocrx_word' id='word_1_63' title='bbox 361 439 475 471; x_wconf 84' lang='lat' dir='ltr'>nimiis</span> <span class='ocrx_word' id='word_1_64' title='bbox 501 438 650 470; x_wconf 89' lang='lat' dir='ltr'>luctibus</span> <span class='ocrx_word' id='word_1_65' title='bbox 678 437 849 478; x_wconf 84' lang='lat' dir='ltr'>indulget,</span> <span class='ocrx_word' id='word_1_66' title='bbox 879 437 1109 478; x_wconf 84' lang='lat' dir='ltr'>quemadmo-</span> 
     </span>
     <span class='ocr_line' id='line_1_10' title="bbox 89 479 1108 524; baseline 0.001 -13"><span class='ocrx_word' id='word_1_67' title='bbox 89 479 175 512; x_wconf 86' lang='lat' dir='ltr'>dum</span> <span class='ocrx_word' id='word_1_68' title='bbox 191 489 227 512; x_wconf 88' lang='lat' dir='ltr'>tu</span> <span class='ocrx_word' id='word_1_69' title='bbox 241 481 333 520; x_wconf 80' lang='lat' dir='ltr'>sacis,</span> <span class='ocrx_word' id='word_1_70' title='bbox 368 484 538 515; x_wconf 86' lang='lat' dir='ltr'>immerito</span> <span class='ocrx_word' id='word_1_71' title='bbox 567 482 629 514; x_wconf 87' lang='lat' dir='ltr'>sibi</span> <span class='ocrx_word' id='word_1_72' title='bbox 645 494 773 514; x_wconf 89' lang='lat' dir='ltr'>nomen</span> <span class='ocrx_word' id='word_1_73' title='bbox 788 481 990 524; x_wconf 81' lang='lat' dir='ltr'>Philosophi</span> <span class='ocrx_word' id='word_1_74' title='bbox 1006 492 1108 513; x_wconf 81' lang='lat' dir='ltr'>arro·</span> 
     </span>
     <span class='ocr_line' id='line_1_11' title="bbox 89 525 1107 571; baseline 0.001 -15"><span class='ocrx_word' id='word_1_75' title='bbox 89 532 153 567; x_wconf 82' lang='lat' dir='ltr'>gat,</span> <span class='ocrx_word' id='word_1_76' title='bbox 170 525 263 568; x_wconf 86' lang='lat' dir='ltr'>quod</span> <span class='ocrx_word' id='word_1_77' title='bbox 278 528 337 559; x_wconf 79' lang='lat' dir='ltr'>tihi</span> <span class='ocrx_word' id='word_1_78' title='bbox 356 530 480 561; x_wconf 85' lang='lat' dir='ltr'>sumis:</span> <span class='ocrx_word' id='word_1_79' title='bbox 496 530 621 571; x_wconf 86' lang='lat' dir='ltr'>quippe</span> <span class='ocrx_word' id='word_1_80' title='bbox 636 526 847 569; x_wconf 84' lang='lat' dir='ltr'>Philosophi,</span> <span class='ocrx_word' id='word_1_81' title='bbox 863 534 900 557; x_wconf 90' lang='lat' dir='ltr'>ut</span> <span class='ocrx_word' id='word_1_82' title='bbox 915 527 981 564; x_wconf 88' lang='lat' dir='ltr'>Dii,</span> <span class='ocrx_word' id='word_1_83' title='bbox 998 537 1107 568; x_wconf 88' lang='lat' dir='ltr'>neque</span> 
     </span>
     <span class='ocr_line' id='line_1_12' title="bbox 89 570 595 614; baseline 0.008 -14"><span class='ocrx_word' id='word_1_84' title='bbox 89 570 266 609; x_wconf 86' lang='lat' dir='ltr'>laetantur,</span> <span class='ocrx_word' id='word_1_85' title='bbox 283 583 392 614; x_wconf 85' lang='lat' dir='ltr'>neque</span> <span class='ocrx_word' id='word_1_86' title='bbox 407 573 595 605; x_wconf 81' lang='lat' dir='ltr'>tristantur.</span> 
     </span>
    </p>
   </div>
   <div class='ocr_carea' id='block_1_3' title="bbox 87 636 1108 763">
    <p class='ocr_par' dir='ltr' id='par_1_3' title="bbox 87 636 1108 763">
     <span class='ocr_line' id='line_1_13' title="bbox 87 636 1108 678; baseline 0 -8"><span class='ocrx_word' id='word_1_87' title='bbox 87 636 334 678; x_wconf 82' lang='lat' dir='ltr'>HERMILIA,</span> <span class='ocrx_word' id='word_1_88' title='bbox 365 638 556 673; x_wconf 80' lang='lat' dir='ltr'>CERERIS</span> <span class='ocrx_word' id='word_1_89' title='bbox 599 638 891 672; x_wconf 86' lang='lat' dir='ltr'>CATANAEAE</span> <span class='ocrx_word' id='word_1_90' title='bbox 934 638 1108 670; x_wconf 83' lang='lat' dir='ltr'>SACER-</span> 
     </span>
     <span class='ocr_line' id='line_1_14' title="bbox 134 682 1062 723; baseline 0 -8"><span class='ocrx_word' id='word_1_91' title='bbox 134 682 248 723; x_wconf 79' lang='lat' dir='ltr'>BOS,</span> <span class='ocrx_word' id='word_1_92' title='bbox 277 684 370 716; x_wconf 88' lang='lat' dir='ltr'>TIBI</span> <span class='ocrx_word' id='word_1_93' title='bbox 399 683 675 721; x_wconf 82' lang='lat' dir='ltr'>PHALARIDI,</span> <span class='ocrx_word' id='word_1_94' title='bbox 706 683 1062 716; x_wconf 81' lang='lat' dir='ltr'><strong>AGRIGENTINO·</strong></span> 
     </span>
     <span class='ocr_line' id='line_1_15' title="bbox 413 728 783 763; baseline -0.011 0"><span class='ocrx_word' id='word_1_95' title='bbox 413 729 515 763; x_wconf 86' lang='lat' dir='ltr'>RUM</span> <span class='ocrx_word' id='word_1_96' title='bbox 539 728 783 761; x_wconf 75' lang='lat' dir='ltr'><strong>TYRANNO.</strong></span> 
     </span>
    </p>
   </div>
   <div class='ocr_carea' id='block_1_4' title="bbox 83 793 1108 1737">
    <p class='ocr_par' dir='ltr' id='par_1_4' title="bbox 83 793 1108 1737">
     <span class='ocr_line' id='line_1_16' title="bbox 178 793 1108 841; baseline -0.005 -10"><span class='ocrx_word' id='word_1_97' title='bbox 178 793 288 827; x_wconf 82' lang='lat' dir='ltr'><strong>XLV·</strong></span> <span class='ocrx_word' id='word_1_98' title='bbox 322 794 417 830; x_wconf 80' lang='lat' dir='ltr'>Vana</span> <span class='ocrx_word' id='word_1_99' title='bbox 432 799 589 841; x_wconf 85' lang='lat' dir='ltr'>suspicio,</span> <span class='ocrx_word' id='word_1_100' title='bbox 606 808 710 839; x_wconf 88' lang='lat' dir='ltr'>quam</span> <span class='ocrx_word' id='word_1_101' title='bbox 721 797 763 829; x_wconf 87' lang='lat' dir='ltr'>de</span> <span class='ocrx_word' id='word_1_102' title='bbox 777 805 895 829; x_wconf 81' lang='lat' dir='ltr'>senatu</span> <span class='ocrx_word' id='word_1_103' title='bbox 911 795 1108 838; x_wconf 87' lang='lat' dir='ltr'>populoque</span> 
     </span>
     <span class='ocr_line' id='line_1_17' title="bbox 87 836 1107 885; baseline -0.001 -14"><span class='ocrx_word' id='word_1_104' title='bbox 87 836 257 872; x_wconf 84' lang='lat' dir='ltr'>Catanaeo</span> <span class='ocrx_word' id='word_1_105' title='bbox 273 844 470 885; x_wconf 82' lang='lat' dir='ltr'>concepisti,</span> <span class='ocrx_word' id='word_1_106' title='bbox 485 844 639 874; x_wconf 83' lang='lat' dir='ltr'>maximo</span> <span class='ocrx_word' id='word_1_107' title='bbox 654 842 714 873; x_wconf 87' lang='lat' dir='ltr'>tibi</span> <span class='ocrx_word' id='word_1_108' title='bbox 729 848 939 874; x_wconf 85' lang='lat' dir='ltr'>nocumento</span> <span class='ocrx_word' id='word_1_109' title='bbox 955 847 1012 876; x_wconf 87' lang='lat' dir='ltr'>est,</span> <span class='ocrx_word' id='word_1_110' title='bbox 1029 840 1107 871; x_wconf 84' lang='lat' dir='ltr'>tibi-</span> 
     </span>
     <span class='ocr_line' id='line_1_18' title="bbox 87 885 1105 929; baseline -0.001 -14"><span class='ocrx_word' id='word_1_111' title='bbox 87 896 153 926; x_wconf 85' lang='lat' dir='ltr'>que</span> <span class='ocrx_word' id='word_1_112' title='bbox 171 885 283 916; x_wconf 82' lang='lat' dir='ltr'>tui-bat</span> <span class='ocrx_word' id='word_1_113' title='bbox 299 887 460 928; x_wconf 77' lang='lat' dir='ltr'>exiguam</span> <span class='ocrx_word' id='word_1_114' title='bbox 476 888 572 918; x_wconf 89' lang='lat' dir='ltr'>illam</span> <span class='ocrx_word' id='word_1_115' title='bbox 588 887 752 928; x_wconf 71' lang='lat' dir='ltr'>quietem,</span> <span class='ocrx_word' id='word_1_116' title='bbox 782 897 868 929; x_wconf 88' lang='lat' dir='ltr'>quae</span> <span class='ocrx_word' id='word_1_117' title='bbox 897 886 1027 926; x_wconf 85' lang='lat' dir='ltr'>reliqua</span> <span class='ocrx_word' id='word_1_118' title='bbox 1043 885 1105 916; x_wconf 92' lang='lat' dir='ltr'>tibi</span> 
     </span>
     <span class='ocr_line' id='line_1_19' title="bbox 86 931 1103 975; baseline 0.001 -16"><span class='ocrx_word' id='word_1_119' title='bbox 86 938 143 968; x_wconf 88' lang='lat' dir='ltr'>est,</span> <span class='ocrx_word' id='word_1_120' title='bbox 160 940 333 972; x_wconf 83' lang='lat' dir='ltr'>quamque</span> <span class='ocrx_word' id='word_1_121' title='bbox 349 931 502 975; x_wconf 88' lang='lat' dir='ltr'>decerpis</span> <span class='ocrx_word' id='word_1_122' title='bbox 517 945 535 963; x_wconf 87' lang='lat' dir='ltr'>a</span> <span class='ocrx_word' id='word_1_123' title='bbox 565 932 722 963; x_wconf 86' lang='lat' dir='ltr'>convictu</span> <span class='ocrx_word' id='word_1_124' title='bbox 752 932 957 974; x_wconf 87' lang='lat' dir='ltr'>sapientum,</span> <span class='ocrx_word' id='word_1_125' title='bbox 987 931 1045 971; x_wconf 89' lang='lat' dir='ltr'>qui</span> <span class='ocrx_word' id='word_1_126' title='bbox 1069 931 1103 960; x_wconf 91' lang='lat' dir='ltr'>in</span> 
     </span>
     <span class='ocr_line' id='line_1_20' title="bbox 87 974 1102 1017; baseline -0.001 -12"><span class='ocrx_word' id='word_1_127' title='bbox 87 986 215 1006; x_wconf 82' lang='lat' dir='ltr'>vanum</span> <span class='ocrx_word' id='word_1_128' title='bbox 230 983 260 1006; x_wconf 88' lang='lat' dir='ltr'>te</span> <span class='ocrx_word' id='word_1_129' title='bbox 276 976 505 1015; x_wconf 79' lang='lat' dir='ltr'>circumstant,</span> <span class='ocrx_word' id='word_1_130' title='bbox 535 976 708 1007; x_wconf 85' lang='lat' dir='ltr'>hortantes</span> <span class='ocrx_word' id='word_1_131' title='bbox 737 985 768 1008; x_wconf 87' lang='lat' dir='ltr'>te</span> <span class='ocrx_word' id='word_1_132' title='bbox 795 975 839 1009; x_wconf 87' lang='lat' dir='ltr'>ad</span> <span class='ocrx_word' id='word_1_133' title='bbox 861 974 1102 1017; x_wconf 82' lang='lat' dir='ltr'>deponendam</span> 
     </span>
     <span class='ocr_line' id='line_1_21' title="bbox 86 1018 1101 1063; baseline 0.001 -14"><span class='ocrx_word' id='word_1_134' title='bbox 86 1018 316 1061; x_wconf 80' lang='lat' dir='ltr'>tyrannidem,</span> <span class='ocrx_word' id='word_1_135' title='bbox 332 1021 405 1052; x_wconf 87' lang='lat' dir='ltr'>sine</span> <span class='ocrx_word' id='word_1_136' title='bbox 423 1033 489 1063; x_wconf 90' lang='lat' dir='ltr'>qua</span> <span class='ocrx_word' id='word_1_137' title='bbox 505 1028 692 1053; x_wconf 84' lang='lat' dir='ltr'>sustentare</span> <span class='ocrx_word' id='word_1_138' title='bbox 707 1023 828 1059; x_wconf 85' lang='lat' dir='ltr'>neseis,</span> <span class='ocrx_word' id='word_1_139' title='bbox 857 1021 967 1051; x_wconf 89' lang='lat' dir='ltr'>immo</span> <span class='ocrx_word' id='word_1_140' title='bbox 989 1030 1101 1060; x_wconf 90' lang='lat' dir='ltr'>neque</span> 
     </span>
     <span class='ocr_line' id='line_1_22' title="bbox 90 1063 1101 1108; baseline 0 -14"><span class='ocrx_word' id='word_1_141' title='bbox 90 1066 149 1102; x_wconf 86' lang='lat' dir='ltr'>vis,</span> <span class='ocrx_word' id='word_1_142' title='bbox 168 1065 270 1095; x_wconf 85' lang='lat' dir='ltr'>vitam</span> <span class='ocrx_word' id='word_1_143' title='bbox 286 1072 390 1104; x_wconf 88' lang='lat' dir='ltr'>tuam,</span> <span class='ocrx_word' id='word_1_144' title='bbox 406 1067 544 1108; x_wconf 90' lang='lat' dir='ltr'>plenam</span> <span class='ocrx_word' id='word_1_145' title='bbox 555 1077 624 1097; x_wconf 92' lang='lat' dir='ltr'>non</span> <span class='ocrx_word' id='word_1_146' title='bbox 638 1066 755 1097; x_wconf 91' lang='lat' dir='ltr'>minus</span> <span class='ocrx_word' id='word_1_147' title='bbox 765 1063 986 1101; x_wconf 83' lang='lat' dir='ltr'>crudelitatis,</span> <span class='ocrx_word' id='word_1_148' title='bbox 998 1074 1101 1105; x_wconf 87' lang='lat' dir='ltr'>quam</span> 
     </span>
     <span class='ocr_line' id='line_1_23' title="bbox 87 1108 1105 1153; baseline 0 -14"><span class='ocrx_word' id='word_1_149' title='bbox 87 1108 203 1140; x_wconf 86' lang='lat' dir='ltr'>mortis</span> <span class='ocrx_word' id='word_1_150' title='bbox 212 1118 256 1140; x_wconf 82' lang='lat' dir='ltr'>tel</span> <span class='ocrx_word' id='word_1_151' title='bbox 264 1111 408 1145; x_wconf 87' lang='lat' dir='ltr'>roribus,</span> <span class='ocrx_word' id='word_1_152' title='bbox 419 1120 518 1153; x_wconf 87' lang='lat' dir='ltr'>atque</span> <span class='ocrx_word' id='word_1_153' title='bbox 527 1111 847 1153; x_wconf 88' lang='lat' dir='ltr'>periculis,assiduis</span> <span class='ocrx_word' id='word_1_154' title='bbox 856 1110 1012 1152; x_wconf 80' lang='lat' dir='ltr'>propriae</span> <span class='ocrx_word' id='word_1_155' title='bbox 1024 1119 1105 1151; x_wconf 79' lang='lat' dir='ltr'>con-</span> 
     </span>
     <span class='ocr_line' id='line_1_24' title="bbox 86 1152 1102 1198; baseline -0.001 -14"><span class='ocrx_word' id='word_1_156' title='bbox 86 1155 247 1185; x_wconf 75' lang='lat' dir='ltr'>scientiae</span> <span class='ocrx_word' id='word_1_157' title='bbox 265 1154 364 1197; x_wconf 90' lang='lat' dir='ltr'>(proh</span> <span class='ocrx_word' id='word_1_158' title='bbox 381 1155 517 1198; x_wconf 87' lang='lat' dir='ltr'>dolor!)</span> <span class='ocrx_word' id='word_1_159' title='bbox 533 1154 702 1187; x_wconf 85' lang='lat' dir='ltr'>subiectus</span> <span class='ocrx_word' id='word_1_160' title='bbox 718 1156 909 1192; x_wconf 82' lang='lat' dir='ltr'>tormentis,</span> <span class='ocrx_word' id='word_1_161' title='bbox 925 1155 1005 1185; x_wconf 85' lang='lat' dir='ltr'>licet</span> <span class='ocrx_word' id='word_1_162' title='bbox 1021 1152 1102 1184; x_wconf 85' lang='lat' dir='ltr'>abs-</span> 
     </span>
     <span class='ocr_line' id='line_1_25' title="bbox 86 1198 1102 1243; baseline 0.001 -14"><span class='ocrx_word' id='word_1_163' title='bbox 86 1210 151 1240; x_wconf 88' lang='lat' dir='ltr'>que</span> <span class='ocrx_word' id='word_1_164' title='bbox 167 1199 293 1231; x_wconf 83' lang='lat' dir='ltr'>fructu.</span> <span class='ocrx_word' id='word_1_165' title='bbox 319 1198 409 1231; x_wconf 84' lang='lat' dir='ltr'>Cave</span> <span class='ocrx_word' id='word_1_166' title='bbox 425 1202 536 1243; x_wconf 89' lang='lat' dir='ltr'>itaque</span> <span class='ocrx_word' id='word_1_167' title='bbox 555 1199 627 1239; x_wconf 90' lang='lat' dir='ltr'>tibi,</span> <span class='ocrx_word' id='word_1_168' title='bbox 643 1207 788 1242; x_wconf 87' lang='lat' dir='ltr'>tuaeque</span> <span class='ocrx_word' id='word_1_169' title='bbox 804 1200 928 1231; x_wconf 89' lang='lat' dir='ltr'>ditioni</span> <span class='ocrx_word' id='word_1_170' title='bbox 944 1198 984 1230; x_wconf 92' lang='lat' dir='ltr'>ab</span> <span class='ocrx_word' id='word_1_171' title='bbox 1000 1199 1102 1230; x_wconf 76' lang='lat' dir='ltr'>altera</span> 
     </span>
     <span class='ocr_line' id='line_1_26' title="bbox 86 1243 1103 1286; baseline 0 -12"><span class='ocrx_word' id='word_1_172' title='bbox 86 1255 205 1275; x_wconf 86' lang='lat' dir='ltr'>eorum</span> <span class='ocrx_word' id='word_1_173' title='bbox 219 1243 370 1276; x_wconf 82' lang='lat' dir='ltr'>vindicta</span> <span class='ocrx_word' id='word_1_174' title='bbox 384 1258 389 1264; x_wconf 91' lang='lat'><strong>·</strong></span> <span class='ocrx_word' id='word_1_175' title='bbox 407 1254 439 1277; x_wconf 89' lang='lat' dir='ltr'>at</span> <span class='ocrx_word' id='word_1_176' title='bbox 454 1255 565 1278; x_wconf 85' lang='lat' dir='ltr'>certus</span> <span class='ocrx_word' id='word_1_177' title='bbox 580 1247 635 1283; x_wconf 86' lang='lat' dir='ltr'>sis,</span> <span class='ocrx_word' id='word_1_178' title='bbox 665 1244 879 1282; x_wconf 87' lang='lat' dir='ltr'>Cererem‚ut</span> <span class='ocrx_word' id='word_1_179' title='bbox 899 1254 1001 1286; x_wconf 87' lang='lat' dir='ltr'>opera</span> <span class='ocrx_word' id='word_1_180' title='bbox 1028 1254 1103 1274; x_wconf 81' lang='lat' dir='ltr'>ma-</span> 
     </span>
     <span class='ocr_line' id='line_1_27' title="bbox 84 1288 1102 1332; baseline -0.001 -13"><span class='ocrx_word' id='word_1_181' title='bbox 84 1300 192 1320; x_wconf 86' lang='lat' dir='ltr'>nuum</span> <span class='ocrx_word' id='word_1_182' title='bbox 208 1288 399 1332; x_wconf 86' lang='lat' dir='ltr'>Cyclopum</span> <span class='ocrx_word' id='word_1_183' title='bbox 416 1290 589 1322; x_wconf 74' lang='lat' dir='ltr'>fundatrix</span> <span class='ocrx_word' id='word_1_184' title='bbox 604 1298 817 1322; x_wconf 86' lang='lat' dir='ltr'>vetustorum</span> <span class='ocrx_word' id='word_1_185' title='bbox 834 1289 959 1320; x_wconf 88' lang='lat' dir='ltr'>horum</span> <span class='ocrx_word' id='word_1_186' title='bbox 972 1289 1102 1319; x_wconf 89' lang='lat' dir='ltr'>moeni-</span> 
     </span>
     <span class='ocr_line' id='line_1_28' title="bbox 83 1333 1103 1377; baseline -0.001 -12"><span class='ocrx_word' id='word_1_187' title='bbox 83 1344 153 1370; x_wconf 87' lang='lat' dir='ltr'>um,</span> <span class='ocrx_word' id='word_1_188' title='bbox 178 1342 278 1375; x_wconf 84' lang='lat' dir='ltr'>atque</span> <span class='ocrx_word' id='word_1_189' title='bbox 294 1335 340 1366; x_wconf 87' lang='lat' dir='ltr'>ita</span> <span class='ocrx_word' id='word_1_190' title='bbox 355 1334 496 1368; x_wconf 88' lang='lat' dir='ltr'>domina</span> <span class='ocrx_word' id='word_1_191' title='bbox 512 1335 700 1367; x_wconf 88' lang='lat' dir='ltr'>eorundem</span> <span class='ocrx_word' id='word_1_192' title='bbox 716 1344 817 1377; x_wconf 80' lang='lat' dir='ltr'>atque</span> <span class='ocrx_word' id='word_1_193' title='bbox 840 1334 958 1376; x_wconf 85' lang='lat' dir='ltr'>regina</span> <span class='ocrx_word' id='word_1_194' title='bbox 989 1333 1103 1373; x_wconf 82' lang='lat' dir='ltr'>fuerit,</span> 
     </span>
     <span class='ocr_line' id='line_1_29' title="bbox 83 1379 1101 1421; baseline 0 -13"><span class='ocrx_word' id='word_1_195' title='bbox 83 1380 126 1409; x_wconf 85' lang='lat' dir='ltr'>sic</span> <span class='ocrx_word' id='word_1_196' title='bbox 141 1390 243 1421; x_wconf 87' lang='lat' dir='ltr'>opere</span> <span class='ocrx_word' id='word_1_197' title='bbox 257 1391 428 1412; x_wconf 86' lang='lat' dir='ltr'>manuum</span> <span class='ocrx_word' id='word_1_198' title='bbox 440 1380 682 1413; x_wconf 79' lang='lat' dir='ltr'>Catanensium</span> <span class='ocrx_word' id='word_1_199' title='bbox 693 1379 882 1411; x_wconf 84' lang='lat' dir='ltr'>terribilem</span> <span class='ocrx_word' id='word_1_200' title='bbox 891 1388 1101 1420; x_wconf 75' lang='lat' dir='ltr'>sempersese</span> 
     </span>
     <span class='ocr_line' id='line_1_30' title="bbox 86 1423 1103 1467; baseline 0 -14"><span class='ocrx_word' id='word_1_201' title='bbox 86 1425 286 1460; x_wconf 76' lang='lat' dir='ltr'>praestitisse</span> <span class='ocrx_word' id='word_1_202' title='bbox 302 1427 615 1467; x_wconf 85' lang='lat' dir='ltr'>propugnatricem,</span> <span class='ocrx_word' id='word_1_203' title='bbox 633 1423 851 1456; x_wconf 87' lang='lat' dir='ltr'>immittendo</span> <span class='ocrx_word' id='word_1_204' title='bbox 867 1434 946 1454; x_wconf 88' lang='lat' dir='ltr'>cum</span> <span class='ocrx_word' id='word_1_205' title='bbox 961 1423 1103 1455; x_wconf 80' lang='lat' dir='ltr'>morbos</span> 
     </span>
     <span class='ocr_line' id='line_1_31' title="bbox 85 1466 1101 1507; baseline -0.001 -7"><span class='ocrx_word' id='word_1_206' title='bbox 85 1469 304 1507; x_wconf 76' lang='lat' dir='ltr'>insanabiles,</span> <span class='ocrx_word' id='word_1_207' title='bbox 321 1478 356 1501; x_wconf 90' lang='lat' dir='ltr'>ut</span> <span class='ocrx_word' id='word_1_208' title='bbox 372 1470 450 1502; x_wconf 85' lang='lat' dir='ltr'>alias</span> <span class='ocrx_word' id='word_1_209' title='bbox 469 1470 664 1502; x_wconf 89' lang='lat' dir='ltr'>hominibus</span> <span class='ocrx_word' id='word_1_210' title='bbox 693 1470 875 1505; x_wconf 83' lang='lat' dir='ltr'>sceleratis,</span> <span class='ocrx_word' id='word_1_211' title='bbox 902 1476 978 1499; x_wconf 88' lang='lat' dir='ltr'>tum</span> <span class='ocrx_word' id='word_1_212' title='bbox 993 1466 1101 1499; x_wconf 82' lang='lat' dir='ltr'>Erin-</span> 
     </span>
     <span class='ocr_line' id='line_1_32' title="bbox 84 1511 1099 1557; baseline -0.001 -13"><span class='ocrx_word' id='word_1_213' title='bbox 84 1524 178 1556; x_wconf 83' lang='lat' dir='ltr'>nyas,</span> <span class='ocrx_word' id='word_1_214' title='bbox 196 1521 232 1546; x_wconf 89' lang='lat' dir='ltr'>ut</span> <span class='ocrx_word' id='word_1_215' title='bbox 246 1515 308 1546; x_wconf 86' lang='lat' dir='ltr'>tibi</span> <span class='ocrx_word' id='word_1_216' title='bbox 324 1515 358 1546; x_wconf 92' lang='lat' dir='ltr'>in</span> <span class='ocrx_word' id='word_1_217' title='bbox 372 1517 570 1557; x_wconf 84' lang='lat' dir='ltr'>praesentia,</span> <span class='ocrx_word' id='word_1_218' title='bbox 588 1514 680 1556; x_wconf 84' lang='lat' dir='ltr'>quod</span> <span class='ocrx_word' id='word_1_219' title='bbox 695 1525 754 1557; x_wconf 86' lang='lat' dir='ltr'>per</span> <span class='ocrx_word' id='word_1_220' title='bbox 769 1511 993 1546; x_wconf 84' lang='lat' dir='ltr'>incendiarios</span> <span class='ocrx_word' id='word_1_221' title='bbox 1010 1520 1099 1551; x_wconf 71' lang='lat' dir='ltr'>tuoe,</span> 
     </span>
     <span class='ocr_line' id='line_1_33' title="bbox 86 1556 1100 1603; baseline -0.001 -14"><span class='ocrx_word' id='word_1_222' title='bbox 86 1560 143 1600; x_wconf 85' lang='lat' dir='ltr'>qui</span> <span class='ocrx_word' id='word_1_223' title='bbox 160 1571 281 1591; x_wconf 75' lang='lat' dir='ltr'>omnes</span> <span class='ocrx_word' id='word_1_224' title='bbox 298 1561 364 1591; x_wconf 79' lang='lat' dir='ltr'>iam</span> <span class='ocrx_word' id='word_1_225' title='bbox 380 1562 546 1599; x_wconf 87' lang='lat' dir='ltr'>interiere,</span> <span class='ocrx_word' id='word_1_226' title='bbox 562 1561 677 1601; x_wconf 84' lang='lat' dir='ltr'>fruges</span> <span class='ocrx_word' id='word_1_227' title='bbox 692 1570 780 1598; x_wconf 86' lang='lat' dir='ltr'>suas,</span> <span class='ocrx_word' id='word_1_228' title='bbox 803 1571 862 1603; x_wconf 86' lang='lat' dir='ltr'>per</span> <span class='ocrx_word' id='word_1_229' title='bbox 884 1569 977 1590; x_wconf 82' lang='lat' dir='ltr'>sacra</span> <span class='ocrx_word' id='word_1_230' title='bbox 994 1556 1100 1589; x_wconf 76' lang='lat' dir='ltr'>Cata-</span> 
     </span>
     <span class='ocr_line' id='line_1_34' title="bbox 84 1602 1099 1642; baseline -0.003 -7"><span class='ocrx_word' id='word_1_231' title='bbox 84 1615 164 1635; x_wconf 79' lang='lat' dir='ltr'>naea</span> <span class='ocrx_word' id='word_1_232' title='bbox 179 1616 266 1642; x_wconf 77' lang='lat' dir='ltr'>rura,</span> <span class='ocrx_word' id='word_1_233' title='bbox 284 1605 380 1635; x_wconf 88' lang='lat' dir='ltr'>mille</span> <span class='ocrx_word' id='word_1_234' title='bbox 390 1606 518 1637; x_wconf 87' lang='lat' dir='ltr'>facibus</span> <span class='ocrx_word' id='word_1_235' title='bbox 534 1603 688 1636; x_wconf 82' lang='lat' dir='ltr'>nefandis</span> <span class='ocrx_word' id='word_1_236' title='bbox 700 1605 874 1642; x_wconf 75' lang='lat' dir='ltr'>cremasti;</span> <span class='ocrx_word' id='word_1_237' title='bbox 893 1602 1099 1635; x_wconf 84' lang='lat' dir='ltr'>ethaefuere</span> 
     </span>
     <span class='ocr_line' id='line_1_35' title="bbox 83 1649 1098 1692; baseline -0.001 -14"><span class='ocrx_word' id='word_1_238' title='bbox 83 1649 338 1692; x_wconf 83' lang='lat' dir='ltr'>resplendentes</span> <span class='ocrx_word' id='word_1_239' title='bbox 350 1651 430 1681; x_wconf 85' lang='lat' dir='ltr'>istae</span> <span class='ocrx_word' id='word_1_240' title='bbox 440 1651 556 1681; x_wconf 78' lang='lat' dir='ltr'>stellae</span> <span class='ocrx_word' id='word_1_241' title='bbox 572 1657 729 1689; x_wconf 83' lang='lat' dir='ltr'>errantes,</span> <span class='ocrx_word' id='word_1_242' title='bbox 747 1650 872 1692; x_wconf 83' lang='lat' dir='ltr'>quibus</span> <span class='ocrx_word' id='word_1_243' title='bbox 888 1657 918 1679; x_wconf 90' lang='lat' dir='ltr'>te</span> <span class='ocrx_word' id='word_1_244' title='bbox 934 1657 1098 1678; x_wconf 83' lang='lat' dir='ltr'>exornare</span> 
     </span>
     <span class='ocr_line' id='line_1_36' title="bbox 83 1691 1098 1737; baseline -0.003 -12"><span class='ocrx_word' id='word_1_245' title='bbox 83 1695 277 1726; x_wconf 80' lang='lat' dir='ltr'>somniabas</span> <span class='ocrx_word' id='word_1_246' title='bbox 294 1696 483 1737; x_wconf 82' lang='lat' dir='ltr'>imaginem</span> <span class='ocrx_word' id='word_1_247' title='bbox 499 1696 632 1727; x_wconf 83' lang='lat' dir='ltr'>Cereris</span> <span class='ocrx_word' id='word_1_248' title='bbox 649 1693 846 1726; x_wconf 84' lang='lat' dir='ltr'>Catanaeae.</span> <span class='ocrx_word' id='word_1_249' title='bbox 871 1694 970 1726; x_wconf 81' lang='lat' dir='ltr'>Faxit</span> <span class='ocrx_word' id='word_1_250' title='bbox 985 1691 1098 1734; x_wconf 83' lang='lat' dir='ltr'>Apol-—</span> 
     </span>
    </p>
   </div>
   <div class='ocr_carea' id='block_1_5' title="bbox 800 1750 875 1783">
    <p class='ocr_par' dir='ltr' id='par_1_5' title="bbox 800 1750 875 1783">
     <span class='ocr_line' id='line_1_37' title="bbox 800 1750 875 1783; baseline 0.04 -3"><span class='ocrx_word' id='word_1_251' title='bbox 800 1750 875 1783; x_wconf 85' lang='lat' dir='ltr'>U2</span> 
     </span>
    </p>
   </div>
  </div>
 </body>
</html>
