1238 1888
368 95 743 129 ErisToLAE.
1002 102 1077 138 319

87 209 302 243 SENATUS
345 207 633 242 CATANAEUS
659 208 886 241 THYMBRO
929 209 1053 249 DUCI,

331 252 648 287 PRASAGORAE
677 253 817 286 FlLlO.

148 322 239 355 LXI.
263 322 305 354 In
335 323 468 359 iuvene,
499 323 557 363 qui
585 321 679 352 factis
707 322 850 352 maturis
877 324 1073 364 praecurrit,

62 379 128 399 non
147 366 370 410 exspectanda
386 375 435 397 est
449 374 536 397 aetas
564 377 665 397 cana:
692 367 798 397 virtus
825 377 894 397 non
923 368 1075 398 consistit

60 413 173 444 solum
194 413 228 443 in
245 411 344 443 barba
373 411 536 454 promissa
569 418 602 441 ct
628 410 829 442 albescente.
890 410 1073 450 Mirabere,

60 457 152 499 quod
168 456 294 488 ducem
310 457 590 487 constituerimus
608 467 752 497 magnae
768 454 951 487 cuiusdam
973 455 1074 498 partis

60 503 224 533 exercitus
242 502 350 532 nostri
369 502 529 532 iuvenem
547 500 746 538 imberbem,
762 508 874 532 contra
891 509 984 531 tuam
998 512 1075 532 sen-

60 546 213 585 tentiam,
231 552 263 576 et
276 546 422 577 militare
439 553 593 576 nostrum
608 544 781 576 decretum
794 557 800 576 ε
815 556 936 576 verum
954 547 1073 578 mirari

59 591 204 629 desines,
219 590 277 621 ubi
293 590 326 621 in
344 598 498 621 mentem
512 591 572 621 tibi
601 590 809 621 revocaveris
827 591 963 632 egregia
991 598 1074 620 stre-

58 636 119 667 nui
132 635 266 667 iuvenis
283 635 443 669 facinora,
461 635 519 676 qui
536 644 584 666 ter
597 635 678 666 vicit
694 634 880 666 Praefectos
895 643 1075 666 veteranos

59 692 127 711 non
143 681 249 711 armis
264 678 497 718 solummodo,
514 691 634 711 verum
650 687 683 710 et
704 680 856 711 consilio.
911 679 980 711 Nos
1003 691 1072 711 non

60 726 125 757 nisi
140 736 267 756 nomeu
283 725 354 756 eius
369 726 594 767 praeclarum,
618 735 780 766 personae
809 724 872 766 ipsi
888 725 1073 764 conforme,

59 771 296 812 spectavimus.
345 769 433 800 Huic
448 768 542 800 dabis
569 777 701 812 praeter
729 770 890 800 salarium
920 770 1075 811 triplum,

61 813 155 857 quod
178 814 239 845 tibi
251 815 450 856 scripsimus
472 813 608 845 honoris
625 815 741 854 gratia,
757 821 824 844 tres
840 824 979 845 coronas
997 814 1075 845 val-

61 860 160 897 lares,
171 870 282 890 ‘unam
296 860 448 896 civicam,
478 860 540 889 tria
557 859 679 889 vexilla
695 860 798 901 paria,
828 859 981 900 quinque
1010 858 1075 890 ha-

61 912 126 935 stas
141 914 258 946 puras,
273 911 417 945 quatuor
432 904 582 934 armillas
600 914 728 941 aureas,
758 915 900 934 aureum
917 911 1074 946 torquem

62 959 185 986 unum,
201 947 349 979 duarum
379 959 459 980 cum
487 948 626 979 semisse
654 948 832 986 librarum,
861 956 892 978 et
922 956 1074 990 pateram

63 993 280 1025 sacrificalem
310 1004 413 1024 unam
442 992 626 1024 duodecim
654 993 831 1024 librarum.
879 992 971 1023 Haec
993 1003 1073 1024 me·-

60 1045 179 1069 rentur
194 1037 355 1068 fortitudo
365 1048 403 1068 ac
418 1039 524 1068 virtus
540 1037 622 1072 eius,
637 1038 776 1067 maioris
795 1037 933 1068 honoris
949 1039 1075 1068 instru-

61 1091 188 1120 menta,
203 1082 366 1123 quoniam
395 1083 536 1112 iunioris
553 1081 654 1112 huius
669 1079 810 1113 Alcidae
828 1081 979 1112 humeris
996 1093 1072 1123 gra-

59 1138 101 1158 ve
115 1138 202 1158 onus
216 1125 422 1168 reipublIcae
433 1135 564 1157 nostrae
583 1133 805 1160 sustentatur:
822 1128 872 1158 bis
888 1129 979 1157 enim
996 1135 1073 1157 tur-

58 1171 141 1203 batis
158 1182 197 1202 ac
211 1179 346 1202 tantum
363 1183 430 1202 non
447 1171 530 1202 fusis
545 1171 596 1202 bis
627 1171 723 1201 mille
740 1179 773 1201 et
801 1171 1071 1213 quadringento-

58 1227 136 1248 rum
151 1225 362 1248 armatorum
379 1215 568 1250 ordinibus,
599 1229 615 1247 a
633 1215 790 1247 ducentis
805 1217 974 1258 sexaginta
1005 1215 1073 1258 Sy-

58 1262 240 1299 racusanis,
268 1261 309 1292 ‹le
333 1262 440 1292 salute
468 1259 734 1302 desperantibus,
764 1261 817 1291 hic
845 1273 924 1292 cum
953 1261 1073 1301 viginti

60 1317 183 1338 novem
200 1306 369 1337 nobilibus
398 1305 570 1336 Catanaeis
599 1307 740 1336 victores
768 1306 842 1337 illos
870 1306 1072 1348 profligavit,

60 1359 92 1382 et
106 1352 304 1382 vacillantes
334 1350 542 1392 reipublicae
560 1350 706 1381 honores
734 1351 943 1382 restauravit.
969 1349 1070 1381 Disce

57 1396 171 1438 itaque
187 1397 334 1433 vincere,
351 1403 382 1426 et
396 1394 436 1425 ad
454 1397 648 1437 exemplum
666 1407 846 1436 generosae
862 1395 961 1426 buius
983 1393 1069 1425 ado-

56 1440 239 1472 lescentiae
275 1448 416 1472 aetatem
443 1448 535 1471 tuam
566 1440 700 1471 virilem
741 1451 955 1482 componere,
985 1451 1073 1481 quae

57 1486 163 1529 probe
178 1493 387 1517 armatorum
404 1497 559 1523 numem,
574 1496 612 1516 ac
626 1486 770 1527 propriis
780 1485 909 1516 viribus
925 1485 1070 1516 nimium

59 1529 210 1561 confidit.

55 1618 219 1652 HYBRIS
258 1618 435 1651 NAXIUS
463 1617 783 1658 HERMOCRATi,
826 1617 1071 1652 HERMONIS

325 1664 618 1697 SYRACthANi
659 1664 799 1696 FlLIO.

144 1731 252 1765 LXII.
281 1733 353 1765 Nisi
371 1745 430 1763 nos
446 1732 565 1771 Siculi,
607 1732 726 1763 nabitu
755 1733 819 1763 iam
862 1733 896 1763 in
912 1739 1068 1762 naturam
