1238 1888
148 55 226 93 314
297 82 302 88 .
459 52 663 87 DIODORI
690 50 848 84 SICULI

147 120 245 154 dias?
269 122 324 152 Tu
351 119 593 158 retrocedebat,
624 128 661 151 ut
674 131 841 152 malorem
868 119 994 151 saltum
1019 119 1157 159 faceres,

151 166 315 207 nobisque
330 165 602 204 abblandiebare‚
619 173 657 197 ut
677 163 864 202 morderes,
884 163 943 196 sed
959 165 993 195 in
1014 176 1156 196 vanum:

148 209 301 242 cecidisti
317 212 351 242 in
367 211 513 247 foveam,
543 221 646 251 quam
660 210 764 251 copiis
779 209 899 241 nostris
926 209 1156 251 praeparabas.

150 252 286 287 Stultus
301 264 350 287 est
364 256 433 294 ille,
449 266 469 286 ο
498 254 644 293 Nithria,
672 254 731 296 qui
759 265 820 285 suo
834 264 901 285 nou
917 261 1102 293 contentus,
1118 255 1154 286 in

150 311 230 342 pace
247 300 328 330 belli
342 311 458 331 ansam
475 300 621 342 quaerit:
637 299 840 342 praeprimis
855 299 882 329 si
897 298 1018 340 opibus
1033 299 1104 341 ipse
1121 307 1154 330 et

149 344 334 376 honoribus
349 345 467 387 pollet,
484 351 637 375 ettamen
645 344 754 375 aliena
769 343 909 374 involat:
923 344 1048 374 incerta
1059 345 1153 375 enim

147 399 202 420 res
232 397 289 426 est,
307 397 338 420 et
353 390 446 420 omni
461 387 657 420 difficultate
672 388 790 419 maior.
851 386 968 419 Armis
989 398 1080 419 arma
1100 399 1154 420 re—

147 434 321 476 pellimus,
338 443 370 464 ει
396 444 511 476 pacem
526 433 617 464 bello
631 432 827 464 inviolatam
852 442 1038 464 servamus.
1086 432 1154 465 Ca-

148 485 246 509 tanae
261 480 370 509 cervix
385 477 548 510 indomita
576 479 697 520 iugum
724 479 841 515 nescit,
868 484 1016 508 attamen
1036 479 1154 509 ceteris

149 533 228 563 luga
243 530 372 554 tractat.

448 588 621 621 CEDRIA
653 587 856 620 THAPSO.

237 654 331 687 L111.
371 654 519 694 Coacta,
548 657 593 687 uti
623 657 685 687 scis
696 679 704 693 ‚
733 656 774 687 ab
801 655 945 698 Ephoris
974 664 1005 687 et
1030 657 1157 698 populo

147 700 361 739 Atheniensi,
378 701 545 733 tutoribus
560 701 645 731 meis
655 700 921 739 testamentariis,
936 700 1067 732 nubere
1081 711 1157 732 ma-

147 747 220 784 rito,
241 744 282 775 de
300 752 348 776 tot
361 744 583 788 principibus,
611 746 793 788 parvulum
821 753 863 782 te,
894 752 926 777 at
954 756 1157 787 generosum

148 791 321 832 regulum,
352 790 450 832 elegi,
479 792 607 831 tuique,
635 791 763 821 summi
789 789 968 821 sacerdotis
1010 789 1154 825 Cereris,

147 845 264 865 amore
278 842 454 865 consumta
468 836 588 875 magis,
604 845 707 875 quam
734 835 942 865 inflammata
968 845 1058 865 sum.
1102 833 1154 865 Ad

149 878 247 910 hasce
263 890 315 910 res
330 880 399 910 sola
416 880 505 910 inter
517 890 577 910 nos
593 880 755 920 eloquens
783 878 1015 922 paranympha
1042 890 1153 921 papy-

147 934 206 954 rus
223 924 294 961 fuit,
310 923 537 954 salacissimus
553 924 740 965 pronubus,
756 925 924 963 calamus3
954 933 1065 965 neque
1085 924 1153 954 iam

149 968 380 1011 praecurrenti
414 968 613 1005 calcaribus,
640 978 703 998 nec
730 969 944 1009 praevolanti
979 968 1040 998 alis
1068 978 1152 1009 opus

149 1020 238 1052 erat3
253 1012 369 1043 flexisti
385 1013 569 1043 volentem.
628 1012 672 1043 Et
685 1011 768 1043 haec
794 1022 855 1054 per
869 1019 900 1042 te
915 1012 1035 1054 magis,
1050 1023 1152 1053 quam

148 1067 211 1099 per
226 1068 297 1094 nos,
315 1054 443 1087 efficere
466 1064 592 1087 norunt
623 1056 757 1098 Superi·
805 1057 892 1097 Ego,
920 1057 1006 1087 inter
1032 1054 1152 1088 Vestae

147 1102 289 1141 steriles,
299 1111 433 1132 summe
442 1100 510 1132 iam
519 1108 675 1132 contenta
684 1100 848 1132 beneficio
857 1108 914 1132 tuo
921 1102 1043 1142 magis,
1051 1111 1153 1143 quam

147 1147 287 1188 patriae,
303 1146 345 1176 ad
366 1147 498 1188 nuptias
526 1144 643 1177 adacta
655 1157 752 1186 sum3
781 1156 902 1187 neque,
931 1156 1011 1176 cum
1037 1147 1152 1187 regina

148 1201 259 1221 essem
273 1190 545 1232 Ephyraeorum,
572 1197 721 1221 aversata
734 1198 848 1221 tamen
875 1190 921 1221 fui
938 1198 968 1221 te
984 1190 1151 1233 regulum,

146 1245 266 1276 regem
281 1234 365 1265 mihi
380 1236 579 1266 constituere
593 1250 635 1259 -α
651 1253 693 1258 --
709 1253 751 1259 —-
778 1233 920 1266 Dicebas
934 1234 1030 1273 mihi,
1045 1246 1065 1266 o
1080 1235 1152 1265 ficte

147 1290 185 1309 ac
211 1280 418 1310 mercenarie
444 1287 584 1317 amator,
626 1279 719 1321 quod
739 1280 775 1310 in
806 1290 862 1311 me
901 1280 1045 1311 minime
1072 1279 1153 1321 pul—

145 1323 269 1355 chrum
305 1331 404 1363 esset,
445 1324 602 1355 omnium
628 1325 774 1355 aliarum
800 1333 958 1366 superare
997 1323 1153 1366 pulchri-

145 1366 320 1406 tudinem;
336 1368 429 1410 quod
444 1370 587 1399 minime
609 1376 694 1399 esset
720 1369 935 1410 opulentum,
964 1380 1035 1400 esse
1058 1379 1150 1410 opu-

145 1412 393 1452 lentissimum3
410 1421 440 1444 et
463 1412 555 1455 quod
569 1414 713 1445 minime
728 1413 845 1445 nobile
859 1421 945 1444 esset
955 1438 962 1451 ,
978 1426 996 1445 a
1011 1412 1151 1444 nobilis—

145 1456 230 1488 sima
244 1457 502 1489 Heraclidarum
529 1458 622 1500 prole
651 1456 850 1489 oriundum.
899 1457 1028 1489 Verum
1043 1466 1100 1490 aut
1114 1465 1148 1487 ιιι

146 1513 216 1532 non
231 1503 378 1544 amplius
394 1509 423 1533 te
441 1503 554 1544 ipsum
569 1510 726 1544 praestas,
756 1510 815 1534 aut
830 1513 892 1545 ego
907 1514 975 1533 uon
1003 1513 1081 1534 sum
1096 1514 1147 1533 ea—

148 1545 240 1586 dem,
257 1548 419 1588 que-niam
433 1547 474 1578 ab
490 1546 611 1578 eodem
637 1548 680 1584 ἴε,
707 1546 798 1578 unde
812 1547 961 1590 profecta
988 1547 1060 1579 laus
1088 1555 1146 1581 est,

145 1598 263 1622 natum
274 1593 375 1623 etiam
386 1592 661 1634 estjvituperium.
679 1592 773 1623 Tuus
786 1592 874 1634 ignis
884 1591 966 1622 nihil
976 1590 1149 1622 modicum

147 1633 277 1673 habuit,
292 1637 351 1668 sed
365 1637 479 1668 statim
494 1638 526 1667 iu
543 1644 573 1667 te
588 1638 720 1674 exarsit,
744 1635 1035 1678 quemadmodum
1049 1653 1093 1658 —
1105 1652 1148 1658 —-

146 1695 190 1702 ··—
204 1697 246 1703 —-
261 1691 299 1712 ac
319 1683 431 1724 potius
447 1680 628 1712 deferbuit:
642 1692 741 1713 meus
755 1683 925 1718 nonitem.
938 1681 1043 1712 semel
1059 1681 1149 1711 euim
