1238 1888
113 70 186 105 170
423 62 627 97 DIODORI
655 64 809 98 SICVLI

111 134 489 182 συμφιλοτιμούμεναι.
510 135 577 170 τῶν
597 133 634 170 δὲ
643 137 850 184 στρατηγῶν
860 136 1118 187 διακρινόντων,

111 188 130 235 ἦ
151 192 300 239 νεωτέρα
318 191 381 237 μὲν
401 188 616 237 ἄπεφαίνετο
635 191 698 234 τήν
717 193 837 240 ἑτέραν
865 191 992 241 ἔγκυον
1019 191 1118 235 εἶναι,

109 246 170 282 καὶ
190 247 248 282 διοὲ
267 248 374 282 τοῦτο
393 247 442 294 μὴ
471 246 655 282 δύνασθαι
678 247 890 293 χρήσασθαι
920 250 969 297 τῷ
1004 251 1118 297 νόμῳ·

106 299 127 347 ἦ
149 302 185 337 δὲ
203 304 424 352 πρεσβυτέρα
445 296 664 349 δικαιότερον
693 300 909 348 ἀπεφαίνετο
940 301 1030 340 εἶναι
1058 307 1120 348 τήν

108 359 330 427 προέχουσαν
350 361 422 398 τοῖς
439 358 578 405 χρόνοις
595 358 755 405 προέχειν
779 358 841 394 καὶ
866 361 909 407 τῇ
934 361 1027 409 τιμῇ.
1064 361 1120 397 καὶ

107 415 176 462 γάρ
191 413 250 450 ἐπὶ
268 415 334 450 τῶν
352 411 464 449 ἄλλων
484 411 650 448 ἁπάντων
668 416 893 462 θεωρεῖσθαι
911 416 994 457 τοὺς
1013 430 1120 484 πρεσ-

108 470 281 517 βυτέρους
299 470 419 506 πολὺ
410 469 624 518 προέχοντας
642 470 709 503 τῶν
728 472 902 518 νεωτέρων
929 469 975 512 εἷς
1007 473 1123 520 ἐντρο-

109 525 181 569 πὴν
217 524 278 560 καὶ
313 525 429 572 τιμὴν.
491 522 526 558 οἱ
561 521 590 559 δ
631 523 696 559 οὖν
731 526 922 574 στρατηγοὶ
959 526 1018 562 διὰ
1053 529 1120 562 τῶν

107 579 326 628 μαιεύεσθαι
364 580 567 628 δυναμένων
599 581 741 627 γνόντες
779 583 843 626 τὴν
878 583 1121 638 πρεσβυτέραν

107 635 236 683 ε’γκυον
265 636 400 680 οὖσαν,
437 638 650 684 προέκριναν
668 637 732 680 τὴν
750 640 930 705 νεωτέραν.
967 639 1010 673 οὗ
1031 652 1120 686 συμ·

104 692 254 739 βάντος,
289 690 309 738 ἦ
336 693 399 739 μέν
418 690 652 735 ἅποτυχουσα
669 694 729 736 τῆς
747 695 890 739 κρίσεως
907 692 1015 741 ἆπῃει
1032 698 1121 742 μετά

105 750 320 794 κλαυθμοῦ,
352 748 604 796 καταρρήξασα
624 748 665 782 τὸ
685 748 765 795 περὶ
783 749 848 792 τήν
865 732 1020 795 κεφαλὴν
1042 749 1118 785 διά-

106 803 212 850 δημα,
232 803 293 839 καὶ
308 806 371 844 τάς
388 804 508 852 τρίχας
527 803 801 852 σπαράσσουσα,
816 807 1017 854 καθαπερεί
1025 819 1121 846 τινος

106 860 297 909 συμφορᾶς
312 861 465 908 μεγάλης
483 861 806 908 προσηγγελμένης·
826 858 895 905 ἡδὲ
905 860 962 896 ἐπὶ
981 863 1023 909 τῇ
1041 861 1119 909 νίκῃ

106 916 300 964 περιχαρής
331 914 440 965 ἆπῄει
466 917 556 964 πρὸς
586 917 649 961 τήν
675 917 813 964 πυράν,
851 919 1119 963 στεφανουμένη

107 971 169 1011 μὲν
183 971 326 1020 μίτραις
343 971 413 1008 ὕπὸ
434 973 501 1008 τῶν
520 970 658 1008 οἰκείων
675 973 866 1019 γυναικῶν,
879 975 1118 1020 κεκοσμημένη

109 1026 146 1062 δὲ
174 1026 392 1077 διαπρεπῶς,
432 1025 546 1076 ὥσπερ
575 1029 623 1070 εἴς
641 1041 720 1063 τινα
738 1030 856 1075 γάμον
875 1031 1119 1076 προεπέμπετο

107 1081 177 1118 ὑπὸ
204 1084 273 1119 τῶν
305 1085 502 1132 συγγενῶν,
538 1080 697 1131 ᾀδόντων
716 1081 830 1130 ὕμνον
850 1082 896 1125 εἷς
914 1086 976 1128 τήν
995 1083 1121 1132 ἀρετήν

107 1135 225 1184 αὖτῆς.
261 1137 304 1181 ὦς
321 1137 355 1173 δ’
368 1140 472 1187 ἐγγὺς
489 1139 642 1186 ἐγενήθη
663 1141 722 1184 τῆς
748 1140 878 1188 πυρᾶς,
918 1153 1121 1188 περιαιρου-

105 1195 188 1239 ιιένη
209 1194 271 1230 τόν
289 1196 425 1242 κόσμον
443 1197 587 1240 ἑαυτῆς,
628 1194 787 1230 διεδίδου
806 1197 880 1238 τοῖς
898 1193 1042 1236 οἰκείοις
1059 1195 1120 1231 καὶ

104 1250 230 1295 φίλοις,
251 1249 294 1291 ὧς
312 1248 357 1286 ἂν
375 1253 470 1287 εἴποι
488 1265 554 1294 τις,
575 1251 843 1288 καταλείπουσα
862 1253 936 1293 τοῖς
955 1249 1119 1300 ἀγαπῶσι

103 1309 285 1353 μνημεῖον.
325 1307 346 1342 ὁ
383 1306 421 1342 δὲ
454 1308 585 1353 κόσμος
617 1300 678 1351 ἦν,
716 1307 796 1356 περὶ
821 1307 885 1354 μὲν
919 1309 980 1348 τὰς
1001 1310 1119 1356 χεῖρας

104 1361 299 1398 δακτυλίων
318 1376 354 1397 τε
372 1364 514 1407 πλῆθος
541 1362 771 1409 ἐνδεδεμένων
797 1363 918 1404 λίθοις
946 1377 982 1398 τε
1008 1365 1117 1399 πολυ-

103 1419 216 1454 τελέσι
234 1416 294 1454 καὶ
314 1417 583 1467 διηλλαγμένοις
601 1421 675 1460 τοῖς
688 1420 868 1468 χρώμασι·
898 1417 978 1467 περὶ
997 1419 1033 1454 δὲ
1053 1419 1116 1462 τὴν

103 1474 259 1519 κεφαλὴν
279 1475 421 1524 χρυσῶν
452 1472 671 1524 ἄστερισμῶν
701 1472 767 1510 οὔκ
800 1473 918 1523 ὀλίγος
943 1472 1111 1522 ἀριθμὸς,

104 1529 352 1573 παντοδαποῖς
371 1532 489 1573 λίθοις
510 1531 744 1579 διελημμένος.
781 1529 859 1578 περὶ
880 1530 916 1565 δὲ
944 1531 1005 1565 τὸν
1034 1531 1116 1579 τρά-

100 1587 206 1629 χηλον
226 1583 343 1634 ὅρμων
361 1589 509 1632 πλῆθος,
533 1589 601 1623 τῶν
617 1589 680 1635 μὲν
699 1588 898 1623 ἐλασσόνων
911 1613 919 1627 ,
941 1587 1008 1622 τῶν
1029 1583 1058 1621 δ’
1077 1589 1114 1621 ἐκ

101 1642 166 1676 τοῦ
187 1639 260 1676 κατ’
285 1640 406 1690 ὀλίγον
426 1641 480 1678 ἀεὶ
498 1640 584 1679 καθ’
608 1642 798 1692 ὑπέρθεσιν
816 1642 991 1688 μειζόνων.
1028 1643 1065 1677 τὸ
1078 1641 1113 1677 δὲ

103 1697 319 1733 τελευταῖον.
348 1696 583 1744 οἷσπασαμένη
604 1700 685 1740 τοὺς
703 1697 872 1740 οἰκείους,
904 1696 972 1734 ὑπὸ
993 1695 1115 1733 τᾶδελ-
