1238 1888
136 47 211 84 282
448 43 650 79 DtODORt
680 44 840 78 SICULr

138 123 213 143 eam
225 112 287 144 sibi
305 122 445 144 uxorem
472 111 542 144 (lari
560 112 703 156 petebat,
733 112 793 144 sed
819 112 992 156 repulsam
1019 124 1036 143 a
1051 112 1149 146 nobi's

137 158 222 195 tulit,
238 168 305 188 non
321 158 414 200 quod
431 159 492 189 isto
508 158 680 189 connubio
709 169 776 189 nou
808 164 894 190 esset
920 156 1058 198 dignus,
1086 158 1148 190 sed

134 202 228 244 quod
242 204 371 234 aerario
386 210 500 233 nostro
517 203 646 244 aliquot
671 203 868 234 sestertium
897 202 1009 234 millia
1036 201 1149 234 debe-

135 254 197 278 ret·
243 247 365 290 Recipe
382 249 493 289 itaque
509 258 654 287 generos
669 255 767 289 atque
784 255 922 290 nepotes
938 254 1022 284 tuos,
1039 255 1073 279 et
1089 246 1147 279 ad-

134 293 232 323 mitte
251 293 373 324 iustam
389 292 474 323 hanc
491 292 704 329 electionem,
721 303 784 323 una
802 303 882 322 cum
897 291 1061 323 fructibus
1076 300 1147 324 tam

137 337 292 379 egregiae
310 338 454 379 plautae,
482 338 540 378 qui
557 335 634 367 iude
650 336 691 368 ad
708 346 737 368 te
752 336 909 376 redeunt,
937 346 1082 378 cumque
1106 338 1147 369 ils

137 381 179 413 ad
197 393 255 412 nos
284 381 445 413 Catnnam
473 390 653 419 revertere,
682 389 891 424 spectaturus
918 381 1132 424 Hymenaeos

137 434 168 457 et
184 428 383 470 spectacula,
400 438 485 467 quae
500 426 584 457 adeo
600 426 779 459 desideras.

329 493 570 526 CATANAEt
603 494 954 526 AGRlGENTlNIS.

224 561 287 592 Xl.
314 560 453 593 Liberos
473 560 563 592 vobis
578 562 782 593 remittimus
796 561 943 600 obsides,
966 572 1045 592 cum
1061 563 1145 592 uni-

136 609 221 638 remi
240 614 363 643 nostra,
379 617 465 647 quae
480 606 575 637 vobis
591 608 625 637 iu
654 607 785 638 donum
814 605 927 645 θεὰ-ἠς
956 604 1145 637 octodecim

136 663 271 693 quoque
287 651 495 682 talentorum
509 649 663 683 debitum
694 651 788 682 vobis
804 652 1024 689 remittimus,
1052 648 1147 693 quod

137 697 267 727 senatui
285 696 479 738 populoque
496 695 677 728 Cataneusi
693 707 733 727 ex
748 703 843 739 pacto
859 696 990 727 solvere
1005 694 1149 727 teneba-

135 743 219 772 mini
235 752 296 783 pro
312 742 472 783 impensis
488 751 524 772 ac
541 740 685 780 damnis,
702 752 786 780 quae
802 741 892 773 bello
906 741 1059 780 fecimus,
1073 751 1149 771 mo-

135 786 158 817 ti
174 798 242 817 nou
256 786 367 817 solum
387 786 647 822 Leontinorum.
676 798 713 817 ac
743 786 1016 818 Messanensium
1031 786 1147 828 preci-

135 830 210 870 bus,
238 829 296 862 sed
324 837 356 861 et
382 832 452 873 ipsa
481 830 742 872 quodammodo
775 838 883 862 statua
915 831 1147 873 Proserpinae,

135 888 241 918 quam
256 876 384 918 templo
402 882 515 906 nostro
544 876 661 907 Lunae
689 875 848 913 donastis,
880 886 940 906 nec
968 887 1036 907 non
1064 875 1148 906 vasis

135 922 257 957 aureis,
275 928 307 951 et
322 920 478 963 gemmis,
494 931 581 962 quae
597 920 696 960 Ditis,
714 920 912 953 divitiarum
943 919 1016 959 Dei,
1032 921 1149 951 coniu-

135 976 214 1008 gem
229 967 307 997 satis
322 973 483 1007 arguunt,
509 972 661 996 ceterum
675 965 846 1008 prosperis
861 976 1040 1007 nunquam
1065 975 1148 996 suc·

136 1010 284 1041 cessibus
300 1009 551 1052 superbientes,
579 1009 640 1041 sed
654 1011 688 1042 in
717 1011 901 1042 amicitiam
929 1020 1149 1052 quoscunque

134 1057 284 1098 recipere
299 1056 402 1092 soliti,
431 1056 489 1097 qui
517 1066 592 1086 eam
606 1054 698 1097 apud
726 1065 787 1086 uos
814 1055 981 1088 ambiunt.
1029 1054 1148 1096 Neque

135 1111 228 1132 mors
246 1098 444 1136 Phalaridis,
461 1101 517 1141 qui
533 1108 566 1130 et
583 1100 680 1131 vivus
694 1108 727 1131 et
736 1107 893 1133 mortuus
909 1099 1005 1131 vobis
1022 1099 1148 1138 nocuit,

135 1146 321 1187 multisque
352 1157 410 1175 vos
441 1145 688 1176 calamitatibus
719 1145 840 1182 affecit,
870 1145 952 1177 alios
981 1155 1043 1176 nos
1058 1144 1147 1183 fecit,

135 1201 239 1232 quam
255 1190 385 1221 fuimus
401 1197 488 1221 ante·
525 1187 726 1222 Gaudemus
744 1188 982 1233 prudentiores
999 1199 1059 1221 vos
1074 1199 1145 1221 esse

133 1235 253 1266 factos:
270 1246 349 1266 nam
366 1235 533 1273 homines,
554 1235 613 1277 qui
629 1245 784 1266 errorum
811 1245 963 1273 suorum,
992 1232 1147 1276 adeoque

133 1281 355 1317 offensarum,
372 1291 453 1321 quas
468 1280 510 1311 ita
529 1280 688 1322 proximis
705 1279 934 1323 praebuerint,
960 1279 1146 1321 poeniteu-

135 1326 179 1355 tia
194 1323 380 1363 ducuntur,
409 1332 541 1356 tautum
557 1336 623 1355 non
641 1336 702 1368 pro
729 1324 969 1356 innocentibus
998 1321 1147 1355 habendi

134 1377 226 1402 sunt.

168 1434 478 1468 CATANENSES
506 1435 768 1469 ZANCLAEIS
797 1436 857 1468 ET
883 1434 1123 1475 RHEGlNIS,

416 1480 579 1514 AMIClS
607 1480 867 1514 FtnssmssUS.

386 1538 499 1581 Epzst.
516 1539 617 1570 XIX
646 1536 746 1570 Libri
762 1538 900 1582 quarti·

222 1594 304 1626 XII.
332 1593 408 1626 Non
425 1605 618 1632 usurarum,
641 1604 752 1636 neque
777 1595 946 1626 mercium
975 1594 1144 1626 beneficio

133 1639 255 1671 divites
270 1639 344 1670 facti
359 1649 490 1676 sumus,
505 1638 564 1670 sed
582 1639 768 1677 fructuum,
799 1650 886 1681 quos
899 1639 1058 1671 omnium
1075 1650 1144 1670 no-

131 1683 239 1716 strum
255 1684 452 1716 universalis
468 1695 590 1726 parens
605 1684 709 1715 Terra
724 1691 888 1727 procreat,
903 1694 940 1715 ac
956 1682 1057 1716 Ceres
1073 1684 1144 1719 lar-2
