1238 1888
151 66 225 103 288
460 60 662 95 DIODOm
690 61 845 97 SICULI

370 174 678 208 CATANENSES
710 175 960 209 moNYsm.

364 233 368 238 '
410 244 526 287 Epist.
544 244 601 274 JV
626 243 726 276 mm
742 244 900 276 secundi.

241 311 336 343 XIX·
368 311 494 343 Iterum
511 321 599 348 ecce,
616 322 696 342 cum
707 323 765 354 per
780 312 905 349 literas,
920 319 992 344 tum
1003 325 1061 355 per
1071 324 1160 346 nuu-

151 357 228 395 tios,
243 355 378 388 dicendi
395 357 531 387 licentia
559 357 709 388 nimium
737 365 900 398 quantum
919 359 1111 396 insolentes,
1128 366 1160 390 et

150 401 240 432 bella
255 408 287 432 et
303 399 431 439 caedes,
449 408 479 432 et
493 401 619 443 ignem,
648 402 779 442 aliaque
808 400 842 432 'nd
861 412 970 443 genus
984 403 1073 433 mala
1093 415 1157 434 no-

149 446 202 476 bis
218 446 413 477 denuntias.
460 444 538 482 Nos,
555 446 646 486 quod
663 447 758 477 toties
775 447 842 477 iam
866 447 986 478 nostris
1003 447 1160 478 intermi—

151 498 249 521 natus
265 502 310 528 es,
326 492 389 522 tuis
406 490 496 520 haud
526 491 630 521 semel
647 492 714 522 iam
730 491 886 529 fecimus,
902 493 955 522 vel
974 493 1158 524 lacessendi

150 536 266 578 gratia,
283 543 321 566 ut
334 536 438 567 semel
468 537 577 577 potius
606 535 729 567 vindex
754 535 892 567 tandem
921 537 1026 575 fieres,
1056 549 1158 580 quam

148 581 276 611 millies
295 582 451 612 minator.

299 669 668 702 CATANENSES
711 668 1001 703 DIONYSIO.

383 737 501 780 ijist.
517 738 621 768 XIII
651 736 751 770 Libri
767 737 925 769 secundi.

238 802 314 837 XX.
341 804 442 836 Nunc
457 815 548 843 sane,
570 813 762 847 postquam,
790 805 914 836 amisso
930 805 1075 847 imperio
1090 802 1159 848 Sy-

148 860 322 889 racusarm,
349 850 500 881 securius
528 857 627 891 atque
649 850 864 892 tranquillius
892 851 1036 892 imperio
1063 851 1097 880 in
1127 858 1157 880 te

150 896 262 937 ipsum
278 895 343 925 frui
354 902 466 936 potes·‚
482 905 585 933 nunc,
602 895 755 936 inquam,
771 902 840 926 tam
852 905 929 926 vere
941 895 989 925 tui
999 894 1157 926 dominus

149 951 194 976 es,
210 950 314 981 quam
328 950 396 970 non
425 950 459 969 es
475 940 617 970 aliorum
646 947 820 982 tyrannus.
873 940 1087 981 Recuperasti
1110 940 1158 970 li-

147 984 325 1021 bertatem,
354 995 457 1025 quam
499 985 532 1014 in
562 985 788 1026 captivitatem
820 983 879 1015 tibi
917 985 1089 1026 eripuerat
1119 996 1156 1015 ac

149 1029 318 1060 retinebat
332 1030 483 1072 tyrannis
499 1037 569 1060 tua:
599 1041 688 1060 nunc
703 1030 822 1059 merito
849 1039 967 1071 regem
981 1036 1011 1060 te
1028 1041 1155 1072 possu-

149 1084 226 1105 mus
242 1072 364 1109 ‹licere‚
394 1073 487 1115 quod
509 1074 557 1104 tui
576 1075 680 1116 ipsius
693 1085 749 1104 rex
765 1084 816 1104 es:
849 1084 885 1104 ac
901 1081 979 1104 tuus
1002 1075 1061 1105 iste
1083 1076 1158 1105 ani-

150 1130 239 1156 mus,
267 1130 369 1159 quem
399 1125 488 1149 totus
523 1126 689 1150 terrarum
724 1119 814 1150 orbis
841 1130 910 1149 non
939 1117 1157 1162 adimplebat,

149 1174 243 1194 nunc
259 1165 345 1194 eirca
362 1163 474 1193 solum
490 1164 755 1194 microcosmum
768 1171 867 1195 tunm
887 1171 1050 1195 versatur.
1081 1163 1157 1195 Non

149 1219 234 1250 opus
253 1215 302 1239 est
318 1209 431 1247 igitur,
448 1217 484 1239 ut
500 1210 719 1240 consolemur
741 1220 832 1245 enm,
861 1210 918 1250 qui
937 1209 1079 1240 salutem
1099 1221 1159 1251 pa—

149 1255 241 1292 riter,
257 1263 294 1284 ac
307 1253 512 1291 libertatem,
542 1256 622 1295 quin
640 1262 672 1284 et
699 1254 969 1285 dominationem
1005 1266 1020 1285 a
1036 1265 1069 1284 se
1087 1256 1158 1297 ipso

147 1300 373 1340 recuperavit.
421 1297 611 1330 Enimvero
627 1299 828 1341 gaudemus,
857 1297 949 1340 quod
965 1300 1085 1341 ereptis
1100 1298 1157 1329 tibi

148 1343 283 1374 fortuna
300 1342 408 1380 bonis,
425 1354 510 1384 quae
526 1344 588 1375 sibi
607 1355 640 1374 er
645 1345 778 1385 ipueras
793 1343 895 1385 plius,
911 1343 1158 1375 1estiu1exittibi

148 1387 254 1418 animi
271 1398 318 1426 ea,
335 1398 420 1430 quae
436 1389 539 1430 longo
562 1396 713 1430 tempore
737 1389 940 1431 neglexeras,
974 1399 1012 1420 ει
1027 1395 1160 1420 tantum

148 1444 215 1464 non
231 1433 332 1476 plane
346 1434 518 1465 amiseras.

197 1518 416 1555 SENATUS
448 1517 743 1554 CATANENSIS
770 1519 1098 1556 PHILLATRADI.

352 1586 471 1631 Epist.
487 1588 644 1621 XXVII
667 1588 772 1621 Libri
789 1589 952 1622 secundi.

237 1656 332 1690 XXI.
360 1656 466 1688 Nocte
482 1655 614 1698 «lieqne,
629 1657 806 1689 temerarie
821 1667 859 1689 ac
872 1655 1014 1699 prodige
1029 1663 1076 1695 tu,
1100 1656 1160 1689 in-

150 1708 265 1740 terque
283 1701 494 1746 quotidianas
509 1703 642 1745 rapinas
657 1713 792 1746 semper
819 1711 935 1745 egene.
966 1700 1091 1746 opp'nla
1105 1700 1158 1735 ‹li-
