1238 1888
235 75 462 109 BIBLIOTH·
481 74 602 108 HIST.
625 76 710 107 Lm.
733 75 828 111 XIX.
844 77 930 110 CAP
946 84 981 118 2.
1060 85 1131 120 123

117 147 283 193 φεστέρας
311 146 372 186 τάς
399 146 490 180 κατὰ
517 146 622 192 μέρος
642 146 779 193 πράξεις
795 148 975 194 γενέσθαι,
993 149 1131 196 βραχέα

115 202 476 249 προσαναληψόμεθα
491 201 570 249 περὶ
589 203 651 236 τοῦ
670 204 928 249 προειρημένου
939 203 1130 240 δυνάστου.

114 260 296 305 Καρκῖνος
314 256 332 291 ὁ
349 253 517 304 Ῥηγῖνος,
539 258 655 304 φυγάς
671 259 857 304 γενόμενος
875 261 911 294 ἐκ
931 262 990 304 τῆς
1007 262 1133 309 πατρί-

115 315 184 356 δος,
206 310 405 360 κατῴκησεν
424 316 460 349 ἐν
482 314 631 360 Θέρμοις
649 315 708 358 τῆς
728 316 902 358 Σικελίας,
922 318 1134 363 τεταγμένης

114 372 174 414 τῆς
188 371 317 410 πόλεως
337 368 464 413 ταύτης
484 368 553 404 ὑπὸ
573 370 853 417 Καρχηδονίους.
890 371 1076 417 ἐμπλακεὶς
1095 371 1132 407 δὲ

114 427 181 460 τῶν
200 424 374 472 ἐγχωρίων
399 424 470 459 τινὶ
485 423 647 472 γυναικὶ,
686 424 746 460 καὶ
772 426 925 469 ποιήσας
943 424 1055 470 αὐτὴν
1074 427 1132 475 ἔγ-

114 494 212 522 κυον,
233 480 381 524 συνεχῶς
400 482 489 515 κατά
505 481 586 522 τοὺς
604 476 738 522 ῧπνους
756 482 973 530 ἐταράττετο.
1008 482 1131 532 διόπερ

113 535 273 583 ἀγωνιῶν
284 535 369 583 ὑπὲρ
389 538 448 580 τῆς
460 535 700 579 παιδοποίίάς,
721 536 847 572 ἔδωκεν
865 539 1125 587 ἐντολάς-Καρ-

111 592 289 638 χηδονίοις
308 591 378 626 τισὶ
395 593 548 638 θεωροῖς
567 589 1127 640 ἅναγομένοιςεῖςΔελφοὺς,ἐττε-

113 648 267 696 ρωτῆσαι
285 647 348 681 τὸν
365 648 456 682 θεὸν
483 645 562 694 περὶ
582 648 647 681 τοῦ
673 649 935 694 γεννησομένου
961 650 1128 697 βρέφους.

113 699 162 741 ὧν
196 703 363 750 ἐπιμελῶς
399 703 438 737 τό
468 703 702 750 παρακληθὲν
731 704 956 750 πραξάντων,
994 707 1130 746 ἐξέπεσε

111 760 265 808 χρησμὸς
284 755 338 793 ὅτι
355 759 515 805 μεγάλων
534 756 766 805 ἀτυχημάτων
785 759 805 794 ὄ
823 760 1008 807 γεννηθεὶς
1018 762 1139 803 αἴτιος.

112 816 210 852 ἔσται
227 814 488 882 Καρχηδονίοις
506 813 567 849 καὶ
584 815 682 862 πάση
701 815 863 863 Σικελίᾳ·
900 831 923 851 α
944 817 984 861 δὴ
1001 816 1128 852 πυθό-

112 885 215 919 μενος
241 885 300 906 και
331 871 531 917 φοβηθεις,
560 872 704 914 ἐξέθηκε
723 872 765 906 τό
785 871 931 907 παιδίον
961 871 1127 919 δημοσίᾳ,

113 928 174 964 καὶ
189 927 270 968 τοὺς
287 925 505 974 τηρήσοντας
532 940 590 961 ινα
610 927 796 975 τελευτήσῃ
824 930 1125 976 παρακατέστησε.

115 980 334 1020 διελθουσῶν
362 982 399 1018 δέ
423 996 528 1018 τινων
546 980 699 1029 ἥμερῶν,
737 985 775 1018 τὸ
794 983 857 1028 μὲν
876 982 941 1018 οὖκ
961 981 1129 1029 απέθνη-

115 1054 196 1076 σκεν
209 1053 218 1062 ·
255 1038 290 1074 οἶ
308 1041 516 1086 τεταγμένοι
535 1034 572 1072 δ’
592 1037 649 1074 ἐπὶ
663 1041 721 1084 τῆς
737 1040 897 1085 φυλακῆς
915 1036 1128 1088 ὠλιγώρουν.

115 1093 201 1131 καθ’
224 1092 265 1130 ὃν
285 1094 326 1137 δὴ
343 1097 474 1141 χρόνον
491 1092 512 1138 ἦ
529 1094 644 1141 μήτηρ
662 1095 786 1136 νυκτὸς
801 1097 1047 1143 παρελθοῦσα,
1069 1096 1130 1131 λά-

114 1155 192 1199 θρα
219 1152 258 1186 τό
277 1149 422 1185 παιδίον
443 1148 616 1191 ἀνείλετο,
655 1149 818 1198 καὶπρὸς
843 1150 956 1195 αὑτήν
981 1152 1045 1197 μὲν
1064 1149 1129 1187 οὔκ

116 1206 300 1254 ἀπήνεγκε,
328 1206 537 1252 φοβουμένη
557 1206 617 1240 τὸν
637 1202 763 1254 ἄνδρα,
784 1208 873 1253 πρὸς
891 1207 930 1242 δὲ
949 1209 1009 1241 τὸν
1029 1206 1128 1242 ἁδελ-

113 1265 184 1309 φόν
198 1261 430 1330 ἾΙρακλείδην
449 1263 694 1308 καταθεμένη,
729 1263 1014 1310 προσηγόρευσεν
1031 1259 1126 1310 Αγα-

111 1321 265 1362 θοκλέα,
301 1319 363 1362 τὴν
383 1318 588 1372 ὁμωνυμίαν
613 1315 660 1359 εἷς
681 1319 738 1353 τὸν
765 1320 890 1363 ἑαυτῆς
910 1317 1126 1367 ἀνενέγκασα

112 1377 260 1423 πατέρα.
310 1370 392 1441 παρ’
413 1373 439 1421 ᾡ
459 1376 671 1421 τρεφόμενος
696 1374 717 1410 ὅ
742 1377 842 1417 παῖς,
877 1376 974 1420 ἐξέβη
1001 1376 1063 1419 τήν
1089 1389 1124 1411 τε

111 1430 198 1479 ὄψιν
217 1428 401 1477 εὐπρεπής,
423 1429 484 1466 καὶ
503 1432 542 1465 τὸ
562 1431 662 1476 σῶμα
683 1427 855 1478 εὔρωστος
881 1431 973 1466 πολὺ
990 1431 1124 1476 μᾶλλον

111 1487 132 1530 ἢ
151 1488 243 1523 κατὰ
261 1487 324 1531 τήν
343 1483 491 1530 ἡλικίαν.
530 1488 721 1528 ἔπταέτους
741 1482 777 1520 δ’
797 1485 898 1529 ὄντος
917 1483 1123 1530 αὖτοῦ,πα·

110 1543 304 1591 ρακληθεὶς
326 1542 346 1578 ὅ
370 1544 553 1589 Καρκῖνος
579 1539 638 1588 ὑφ’
662 1539 895 1590 Ἡρακλείδου
931 1544 1019 1591 πρός
1045 1556 1124 1579 τινα

111 1601 268 1643 θυσίαν,
305 1597 607 1643 καῖ’θεασάμενος
622 1599 683 1634 τόν
707 1595 922 1645 Ἀγαθοκλέα
954 1599 1125 1640 παίζοντα

110 1657 199 1701 μετά
218 1668 321 1691 τινων
338 1653 539 1700 ἡλικιωτῶν,
570 1654 752 1700 ἐθαύμαζε
770 1656 831 1698 τό,
869 1669 904 1690 τε
923 1656 1046 1697 κάλλος
1064 1655 1124 1691 καὶ

111 1710 176 1756 τὴν
194 1712 324 1759 ῥώμην.
359 1714 419 1758 τῆς
439 1711 475 1746 δὲ
490 1712 661 1759 γυναικὸς
679 1709 865 1756 εἰπούσης,
892 1708 945 1747 ὅτι
964 1712 1128 1756 τηλικοῦ-
