1238 1888
147 119 379 153 BIBLIOTH.
397 119 516 151 HlST.
533 118 619 150 LlB.
635 117 768 149 XVIII.
793 116 893 148 CAP.
910 118 971 154 42.
1026 120 1072 154 69

106 184 236 210 Eumenis
250 185 393 216 ningnlaris
416 184 578 208 constantia.

138 231 202 268 42.
222 232 330 266 Metti
358 231 394 266 δὲ
415 244 527 265 ταυτα
553 229 573 265 ὅ
591 226 751 275 Εὐμένης
779 230 868 274 πρὸς
889 230 950 262 τὸν
965 223 1072 262 Ἀντί-

57 299 188 333 ’πατρον
207 288 426 333 πρεσβευτας
452 285 632 321 ἀπέστειλε
657 298 737 331 περι
764 285 832 318 τῶν
858 283 1069 330 ὁμολογιῶν

55 333 153 378 οἷνς
133 357 176 386 ην
211 339 408 389 ἡγούμενος
430 339 636 390 Ιερώνυμος
664 341 683 375 ὁ
709 354 771 381 τας
796 341 864 374 τῶν
897 339 1070 382 διαδοχων

55 398 212 446 ἱστορίας
229 399 423 447 γεγραφώς.
468 395 575 438 αὐτὸς
595 398 632 432 δὲ
650 397 798 436 πολλαῖς
816 394 875 430 καὶ
895 396 1070 434 ποικίλαις

55 455 261 501 κεχρημένος
278 455 342 490 τοῦ
368 455 453 500 βίου
479 455 713 500 μεταβολαῖς,
749 448 814 486 οὔκ
840 453 1071 486 ἐταπεινοῦτο

56 511 100 555 τῷ
120 510 333 556 φρονήματι,
356 511 477 555 σαφῶς
494 507 591 550 εῗδὼς
609 509 672 553 τὴν
691 507 799 551 τύχην
819 505 929 547 ὀξείας
947 508 1009 547 τοὶς
1028 504 1073 547 εἷς

58 563 241 612 ἀμφότερα
260 567 303 600 τοὶ
321 567 407 612 μέρη
426 567 644 610 ποιουμένην
660 563 867 610 μεταβολάς.
893 562 984 608 ἑώρα
1003 564 1073 608 γάρ

58 620 139 660 τοὺς
155 621 218 665 μὲν
237 621 304 655 τῶν
322 620 545 656 Μακεδόνων
562 621 717 665 βασιλεῖς
741 618 841 652 κενὸν
866 616 1004 660 ἔχοντας
1032 618 1071 651 τὸ

59 678 116 719 τῆς
144 676 328 722 βασιλείας
355 677 563 723 πρόσχημα,
594 674 745 714 πολλοὺς
765 673 801 707 δὲ
820 671 880 708 καὶ
894 673 1073 738 μεγάλους

57 733 131 772 τοῖς
149 731 375 780 φρονήμασιν
400 730 532 777 ανδρας
561 730 831 776 διαδεχομένους
858 730 921 769 τοὶς
947 726 1072 776 ἡγεμο-

56 787 150 829 νίας,
189 787 324 828 πάντας
343 787 380 822 δὲ
399 785 623 833 ἰδιοπραγεῖν
641 786 893 831 βουλομένους.
932 781 1073 828 η’λπιζεν

56 842 132 885 οὐν,
162 856 249 888 οπερ
268 842 312 887 ἢν
329 843 416 909 πρὸς
435 841 620 886 ἀλήθειαν,
649 842 801 882 πολλοὺς
819 836 933 876 αὖτοῦ
949 840 1074 887 χρείαν

56 896 156 940 ἕξειν,
196 898 254 933 δια
280 912 315 933 τε
334 899 397 942 τὴν
415 899 590 947 φρόνησιν
617 898 676 933 καὶ
703 899 767 941 τήν
794 897 980 944 ἐμπειρίαν
1005 898 1074 932 τῶν

59 955 270 1000 πολεμικῶν,
309 954 358 990 ἔτι
385 955 420 989 δὲ
442 956 504 997 τήν
534 954 735 1021 ὑπερβολὴν
760 956 819 998 τῆς
843 954 880 987 ἐν
899 952 941 999 τῇ
960 952 1075 988 πίστει

56 1010 298 1057 βεβαιότητος.
351 1010 442 1058 ὁρῶν
462 1010 498 1046 δὲ
516 1011 599 1052 τούς
616 1009 769 1051 ι’ππους,
808 1008 868 1043 δια
896 1009 960 1051 τήν
978 1010 1014 1042 ἐν
1033 1007 1076 1054 τῆ

59 1068 270 1114 στενοχωρίᾳ
289 1066 489 1112 τραχύτητα
506 1067 555 1112 μὴ
577 1066 795 1112 δυναμένους
812 1065 1073 1131 γυμνάζεσθαι,

60 1121 148 1188 πρὸς
163 1122 227 1165 τήν
245 1124 282 1157 έν
299 1124 375 1164 ταῖς
394 1122 627 1170 ἱππομαχίαις
642 1122 764 1168 χρείαν
783 1119 980 1166 ἀχρήστους
1000 1119 1076 1155 ἒσο

61 1178 206 1222 μένους,
243 1177 460 1221 επενοήσατό
490 1191 567 1212 τινα
585 1178 683 1220 ξένην
701 1176 761 1211 καὶ
782 1177 1077 1222 παρηλλαγμένην

64 1233 130 1266 τῶν
148 1232 267 1267 ἵππων
281 1233 496 1278 γυμνασίαν.
534 1233 595 1273 τοὶς
613 1233 682 1280 γάρ
702 1233 856 1276 κεφαλάς
874 1228 990 1266 αὐτῶν
1001 1233 1077 1271 ταῖς

64 1290 197 1334 σειραῖς
216 1287 465 1334 ἀναδεσμεύων
491 1287 526 1323 ἔκ
546 1301 648 1323 τινων
676 1287 802 1323 δοκίων
831 1285 853 1330 ἢ
878 1288 1074 1328 παττάλων,

62 1343 128 1380 δι”ο
147 1341 170 1386 ἢ
196 1346 285 1393 τρεῖς
314 1343 458 1386 δοκίδας
485 1342 679 1392 αἶωρήσας,
717 1342 776 1378 καὶ
801 1342 1076 1390 συναναγκιὶζων

61 1401 135 1440 τοῖς
154 1397 339 1440 ὀπισθίοις
365 1398 473 1435 ποσὶν
490 1400 760 1446 ἐπιβεβηκέναι,
798 1401 871 1439 τοῖς
890 1395 927 1433 δ’
945 1397 1076 1445 ε’μπρο·

62 1458 153 1491 σθεν
170 1457 292 1501 μόνοις
311 1455 441 1523 ψαύειν
468 1458 527 1500 τῆς
551 1457 613 1502 γῆς
643 1456 772 1502 μικρὸν
798 1452 1075 1495 απολείποντας·

64 1507 174 1552 εὐθὺς
193 1511 258 1547 οὖν
277 1511 297 1547 ὁ
314 1511 377 1558 μὲν
395 1511 514 1554 ι’ππος,
533 1511 751 1558 βουλόμενος
766 1507 1076 1560 στηρίζεσθαιτοῖς

62 1569 308 1614 εμπροσθίοις,
332 1567 527 1603 διεπονεῖτο
546 1566 594 1614 τῷ
610 1581 646 1602 τε
666 1566 920 1614 σώματιπαντὶ
935 1565 994 1601 καὶ
1005 1567 1079 1605 τοῖς

62 1623 195 1659 σκέλεσι
207 1651 216 1666 ,
246 1624 529 1670 συμπασχόντων
550 1621 715 1658 ἁπάντων
740 1623 809 1657 τῶν
826 1622 916 1658 κατὰ
935 1623 997 1656 τὸν
1016 1620 1076 1668 ὅγ-

61 1691 124 1714 κον
142 1680 270 1724 μελῶν·
307 1678 474 1723 τοιαύτης
501 1679 538 1715 δὲ
562 1680 749 1726 γινομένης
774 1678 946 1722 κινήσεως,
976 1676 1078 1723 ἱδρώς

63 1747 98 1769 τε
115 1735 224 1776 πολὺς
238 1737 275 1771 ἐκ
293 1737 357 1770 τοῦ
378 1736 539 1782 σώματος
557 1737 713 1780 ἐξεχεῖτο,
740 1734 798 1771 καὶ
817 1734 860 1782 τῇ
875 1735 942 1768 τῶν
960 1734 1077 1768 πόνων
