1238 1888
138 66 186 101 82
455 60 658 95 DIODORI
686 59 842 95 SICVLI

139 130 350 178 διατρίβων
369 132 491 178 κρίνας
510 130 547 166 δὲ
565 131 627 174 τὴν
645 129 924 166 κινδυνεύουσαν
943 130 1046 164 πόλιν
1055 127 1152 166 ἶδίαν

137 187 481 222 κατασκευάσασθαι
502 186 586 234 πρὸς
599 185 1048 232 τάςμελλούσαςέπιβολάέ,
1066 184 1151 222 ἀπὲ·

137 243 226 281 λεξεν
247 244 282 283 ἐξ
298 240 437 286 ἁπάσης
455 243 515 286 τῆς
534 240 711 287 δυνάμεως
729 241 811 282 τούς
830 239 1009 289 ἀρίστους,
1028 241 1152 285 πεζοὺς

134 298 195 336 μὲν
217 296 443 346 δισμυρίους,
479 295 595 338 ἱππεῖς
614 297 651 332 δὲ
670 296 891 345 τρισχιλίους.
941 297 1092 338 τούτους
1112 296 1150 344 δὲ

135 350 334 400 ἀναλαβών,
355 354 390 388 ἐν
411 352 509 397 τάχει
527 354 660 400 προῆγε
679 353 874 399 βοηθήσων
900 354 975 394 τοῖς
991 354 1152 397 Κυζικη-

135 410 228 449 νοῖς·
262 407 379 454 βραχύ
399 407 436 443 δὲ
453 408 520 443 τῶν
539 408 672 456 καιρῶν
693 406 893 456 ὑστερήσας,
913 409 1071 455 φανεράν
1089 409 1152 455 μὲν

134 461 211 506 ἔσχε
237 463 302 506 τὴν
330 460 376 504 εἷς
393 463 457 507 τὴν
474 463 579 498 πόλιν
599 459 760 505 εὔνοιαν,
788 465 850 507 τῆς
868 461 905 496 δὲ
922 458 1004 506 ὅλης
1022 464 1151 509 ἐπιβο-

135 520 194 563 λῆς
214 516 375 563 ἀπέτυχε,
412 518 501 566 πρὸς
520 517 556 553 δὲ
570 513 770 566 Ἆρ’ῥιδαῖον
787 519 954 565 ἐξέπεμψε
980 518 1153 566 πρεσβευ-

135 574 215 617 τάς,
253 575 407 621 ἐγκαλῶν
426 571 482 609 ὅτι
502 574 640 621 πρῶτον
659 574 724 620 μὲν
739 570 924 619 Ἑλληνίδα
942 574 1048 609 πόλιν
1066 573 1156 617 σύμ-

134 642 251 676 μαχον
271 622 386 666 οὖσαν
404 630 463 665 καὶ
480 629 590 675 μηδὲν
609 628 809 665 ἀδικοῦσαν
827 630 994 676 ἐτόλμησε
1011 630 1155 677 πολιορ-

137 686 231 720 κεῖν·
269 682 386 721 gna&
405 682 462 720 ὅτι
480 685 631 732 φανερός
657 688 752 720 ἐστιν
778 684 1060 728 ἀποστατήσων,
1096 683 1155 719 καὶ

137 741 202 784 τήν
219 740 448 790 ’Ᾰσατραπείαν
475 739 589 787 ἑαυτῷ
616 739 826 776 δυναστείαν
853 741 1155 786 κατασκευαζόμε-

139 808 217 838 νος·
253 797 294 831 τὸ
315 795 352 832 δὲ
370 798 589 838 τελευταῖον,
628 798 843 844 προσέταττε
862 797 922 840 τῆς
940 797 1156 843 σατραπείας

138 853 382 902 παραχωρεῖν,
419 852 479 888 καὶ
503 851 588 898 μίαν
619 852 778 898 λαβόντα
796 852 900 888 πόλιν
917 849 964 892 εἷς
980 852 1156 899 καταβίω-

138 920 209 951 σιν,
237 907 301 952 τὴν
321 904 470 952 ἡσυχίαν
489 904 600 955 ἄγειν.
637 907 657 943 ὁ
677 904 714 942 δ’
732 904 939 955 Ἀρριδαῖος,
961 906 1155 946 διακούσας

137 964 206 998 τῶν
224 963 418 1010 πρέσβεων,
439 963 499 998 καὶ
516 964 556 998 τὸ
577 964 646 998 τῶν
665 964 777 1010 λόγων
796 961 1026 1010 ὗπερήφανον
1046 975 1156 998 κατα-

136 1019 373 1066 μεμψάμενος,
396 1015 462 1054 ofin
480 1018 546 1064 ἔφη
567 1019 835 1067 παραχωρήσειν
851 1018 1154 1065 τῆςσατραπείας’

137 1075 200 1115 τοὶς
217 1074 253 1109 δὲ
272 1075 390 1116 πόλεις
398 1076 573 1123 φρουραῖς
593 1074 858 1120 διαλαμβάνων,
870 1073 1072 1121 πειρᾶσθαι
1081 1074 1158 1113 τοῖς

140 1126 266 1172 ὅπλοις
294 1129 567 1178 διαγωνίζεσθαι
594 1131 682 1178 πρὸς
707 1126 827 1165 αὐτόν.
877 1126 1089 1170 ἀκολούθως
1118 1128 1155 1163 δὲ

138 1187 217 1227 ταῖς
237 1183 450 1233 ἀποκρίσεσι
468 1186 530 1227 τοὶς
557 1186 675 1226 πόλεις
705 1183 1012 1231 ἀσφαλισάμενος,
1049 1185 1155 1233 μέρος

139 1243 200 1286 τῆς
225 1241 406 1288 δυνάμεως
431 1242 614 1289 ἐξέπεμψε,
651 1240 714 1277 καὶ
741 1240 935 1289 στρατηγὸν
963 1237 1014 1276 ἐπ’
1036 1237 1156 1284 αὐτῆς.

140 1296 254 1344 τούτῳ
274 1296 311 1332 δὲ
329 1298 519 1347 προσέταξε
539 1297 729 1332 συνάπτειν
747 1298 820 1338 τοῖς
839 1294 918 1344 περὶ
926 1297 987 1331 τὸν
998 1292 1154 1343 Εὐμένη,

141 1352 203 1389 καὶ
223 1352 316 1388 λύειν
333 1354 398 1398 τήν
416 1353 626 1401 πολιορκίαν
643 1352 707 1388 τοῦ
728 1353 916 1402 φρουρίου,
929 1351 989 1387 καὶ
1008 1352 1069 1387 τὸν
1080 1347 1155 1386 Εὗ-

139 1410 226 1458 μένη
247 1410 315 1444 τῶν
333 1408 504 1445 κινδύνων
533 1408 783 1450 ἀπαλλάξαντα
809 1407 1038 1451 ποιήσασθαι
1066 1406 1156 1453 σύμ·

139 1478 269 1513 μαχον.
294 1461 487 1513 Ἀντίγονος
506 1464 543 1500 δὲ
558 1463 719 1501 σπεύδων
738 1462 952 1511 ἀμύνασθαι
969 1463 1031 1498 τὸν
1046 1458 1156 1510 Ἆρ’ῥι-

141 1521 257 1564 δαῖον,
276 1521 465 1568 ἐξέπεμψεν
483 1516 536 1556 ἐπ’
557 1517 667 1556 αῧτόν
686 1519 836 1565 δύναμιν
860 1518 925 1562 τὴν
944 1517 1155 1565 διαπολεμή-

140 1589 297 1613 σουσαν·
336 1573 443 1619 αὗτός
460 1590 497 1612 τε
514 1576 578 1620 τὴν
607 1575 730 1620 ἱκανήν
756 1574 925 1624 στρατιάν
952 1571 1154 1621 ἀναλαβὼν,

139 1635 296 1679 προῆγεν
322 1632 382 1668 ἐπὶ
399 1632 559 1674 Λυδίας,
594 1632 811 1678 βουλόμενος
833 1630 994 1677 ἐκβαλεῖν
1029 1630 1090 1665 τὸν
1117 1631 1155 1664 ἐν

138 1685 232 1733 αὗτῆ
251 1682 621 1738 σατράπηνΚλεῖτον.
641 1687 661 1723 ὅ
681 1687 727 1731 δὲ,
739 1685 970 1736 προϊδόμενος
989 1686 1051 1730 τὴν
1071 1685 1156 1732 ἔφο·
