<?xml version="1.0" encoding="UTF-8"?>
<!DOCTYPE html PUBLIC "-//W3C//DTD XHTML 1.0 Transitional//EN"
    "http://www.w3.org/TR/xhtml1/DTD/xhtml1-transitional.dtd">
<html xmlns="http://www.w3.org/1999/xhtml" xml:lang="en" lang="en">
 <head>
  <title>
</title>
<meta http-equiv="Content-Type" content="text/html;charset=utf-8" />
  <meta name='ocr-system' content='tesseract 3.04.00' />
  <meta name='ocr-capabilities' content='ocr_page ocr_carea ocr_par ocr_line ocrx_word'/>
</head>
<body>
  <div class='ocr_page' id='page_1' title='image "./diodorisiculibib05diod_0219.png"; bbox 0 0 1238 1888; ppageno 0'>
   <div class='ocr_carea' id='block_1_1' title="bbox 198 76 1090 116">
    <p class='ocr_par' dir='ltr' id='par_1_1' title="bbox 198 76 1090 116">
     <span class='ocr_line' id='line_1_1' title="bbox 198 76 1090 116; baseline -0.002 -6"><span class='ocrx_word' id='word_1_1' title='bbox 198 77 429 110; x_wconf 76' lang='lat' dir='ltr'><strong>BIBLIOTH.</strong></span> <span class='ocrx_word' id='word_1_2' title='bbox 450 76 566 109; x_wconf 78' lang='lat' dir='ltr'>fflsT.</span> <span class='ocrx_word' id='word_1_3' title='bbox 584 76 779 109; x_wconf 79' lang='lat' dir='ltr'><strong>L13.x1x.</strong></span> <span class='ocrx_word' id='word_1_4' title='bbox 796 76 969 116; x_wconf 79' lang='lat' dir='ltr'><strong>CAP.52.</strong></span> <span class='ocrx_word' id='word_1_5' title='bbox 1018 82 1090 116; x_wconf 77' lang='lat'><strong><em>211</em></strong></span> 
     </span>
    </p>
   </div>
   <div class='ocr_carea' id='block_1_2' title="bbox 71 145 1092 1799">
    <p class='ocr_par' dir='ltr' id='par_1_2' title="bbox 71 145 1092 1799">
     <span class='ocr_line' id='line_1_2' title="bbox 78 145 1092 194; baseline -0.004 -10"><span class='ocrx_word' id='word_1_6' title='bbox 78 149 162 184; x_wconf 81' lang='grc' dir='ltr'><strong><em>Βετο</em></strong></span> <span class='ocrx_word' id='word_1_7' title='bbox 190 145 227 183; x_wconf 74' lang='grc' dir='ltr'><strong><em>δ’</em></strong></span> <span class='ocrx_word' id='word_1_8' title='bbox 254 146 302 188; x_wconf 82' lang='grc' dir='ltr'><strong><em>εἷς</em></strong></span> <span class='ocrx_word' id='word_1_9' title='bbox 327 147 390 190; x_wconf 86' lang='grc' dir='ltr'><strong><em>τήν</em></strong></span> <span class='ocrx_word' id='word_1_10' title='bbox 409 148 614 193; x_wconf 77' lang='grc' dir='ltr'><strong><em>συμμαχίαν</em></strong></span> <span class='ocrx_word' id='word_1_11' title='bbox 632 145 691 181; x_wconf 82' lang='grc' dir='ltr'><strong><em>καὶ</em></strong></span> <span class='ocrx_word' id='word_1_12' title='bbox 710 147 771 181; x_wconf 87' lang='grc' dir='ltr'><strong><em>τὸν</em></strong></span> <span class='ocrx_word' id='word_1_13' title='bbox 789 148 848 190; x_wconf 83' lang='grc' dir='ltr'><strong><em>τῆς</em></strong></span> <span class='ocrx_word' id='word_1_14' title='bbox 866 147 1010 194; x_wconf 83' lang='grc' dir='ltr'><strong><em>Καρίας</em></strong></span> <span class='ocrx_word' id='word_1_15' title='bbox 1028 160 1092 181; x_wconf 91' lang='grc' dir='ltr'><strong><em>σα-</em></strong></span> 
     </span>
     <span class='ocr_line' id='line_1_3' title="bbox 76 200 1091 253; baseline -0.002 -14"><span class='ocrx_word' id='word_1_16' title='bbox 76 206 213 253; x_wconf 81' lang='grc' dir='ltr'><strong><em>τράπην</em></strong></span> <span class='ocrx_word' id='word_1_17' title='bbox 239 202 505 251; x_wconf 78' lang='grc' dir='ltr'><strong><em>Κάσσανδρον,</em></strong></span> <span class='ocrx_word' id='word_1_18' title='bbox 544 200 715 246; x_wconf 74' lang='grc' dir='ltr'><strong><em>ἰσχύοντα</em></strong></span> <span class='ocrx_word' id='word_1_19' title='bbox 742 202 802 238; x_wconf 82' lang='grc' dir='ltr'><strong><em>καὶ</em></strong></span> <span class='ocrx_word' id='word_1_20' title='bbox 823 203 941 242; x_wconf 84' lang='grc' dir='ltr'><strong><em>πόλεις</em></strong></span> <span class='ocrx_word' id='word_1_21' title='bbox 966 201 1091 246; x_wconf 68' lang='grc' dir='ltr'><strong><em>ἔχοντα</em></strong></span> 
     </span>
     <span class='ocr_line' id='line_1_4' title="bbox 76 255 1091 306; baseline -0.001 -12"><span class='ocrx_word' id='word_1_22' title='bbox 76 261 287 305; x_wconf 81' lang='grc' dir='ltr'><strong><em>τεταγμένας</em></strong></span> <span class='ocrx_word' id='word_1_23' title='bbox 314 255 372 303; x_wconf 73' lang='grc' dir='ltr'><strong><em>ὑφ’</em></strong></span> <span class='ocrx_word' id='word_1_24' title='bbox 391 259 520 294; x_wconf 77' lang='grc' dir='ltr'><strong><em>ἑαυτὸν</em></strong></span> <span class='ocrx_word' id='word_1_25' title='bbox 539 256 604 294; x_wconf 79' lang='grc' dir='ltr'><strong><em>οὐκ</em></strong></span> <span class='ocrx_word' id='word_1_26' title='bbox 628 256 758 306; x_wconf 72' lang='grc' dir='ltr'><strong><em>ὀλίγας.</em></strong></span> <span class='ocrx_word' id='word_1_27' title='bbox 791 258 1091 306; x_wconf 77' lang='grc' dir='ltr'><strong><em>προαπεσταλκὼς</em></strong></span> 
     </span>
     <span class='ocr_line' id='line_1_5' title="bbox 76 314 1090 362; baseline -0.002 -12"><span class='ocrx_word' id='word_1_28' title='bbox 76 315 113 351; x_wconf 82' lang='grc' dir='ltr'><strong><em>δὲ</em></strong></span> <span class='ocrx_word' id='word_1_29' title='bbox 143 318 218 356; x_wconf 89' lang='grc' dir='ltr'><strong><em>τοῖς</em></strong></span> <span class='ocrx_word' id='word_1_30' title='bbox 243 317 279 350; x_wconf 82' lang='grc' dir='ltr'><strong><em>ἐν</em></strong></span> <span class='ocrx_word' id='word_1_31' title='bbox 307 314 445 362; x_wconf 78' lang='grc' dir='ltr'><strong><em>Κύπρῳ</em></strong></span> <span class='ocrx_word' id='word_1_32' title='bbox 477 315 662 360; x_wconf 78' lang='grc' dir='ltr'><strong><em>βασιλεῦσι</em></strong></span> <span class='ocrx_word' id='word_1_33' title='bbox 699 314 915 362; x_wconf 79' lang='grc' dir='ltr'><strong><em>στρατιώτας</em></strong></span> <span class='ocrx_word' id='word_1_34' title='bbox 952 327 1090 362; x_wconf 83' lang='grc' dir='ltr'><strong><em>τρισχι-</em></strong></span> 
     </span>
     <span class='ocr_line' id='line_1_6' title="bbox 75 369 1090 418; baseline -0.003 -11"><span class='ocrx_word' id='word_1_35' title='bbox 75 372 189 413; x_wconf 84' lang='grc' dir='ltr'><strong><em>λίους,</em></strong></span> <span class='ocrx_word' id='word_1_36' title='bbox 237 372 405 418; x_wconf 79' lang='grc' dir='ltr'><strong><em>ἐξέπεμψε</em></strong></span> <span class='ocrx_word' id='word_1_37' title='bbox 440 371 519 405; x_wconf 88' lang='grc' dir='ltr'><strong><em>τότε</em></strong></span> <span class='ocrx_word' id='word_1_38' title='bbox 560 370 711 416; x_wconf 80' lang='grc' dir='ltr'><strong><em>δύναμιν</em></strong></span> <span class='ocrx_word' id='word_1_39' title='bbox 748 369 882 418; x_wconf 77' lang='grc' dir='ltr'><strong><em>ἁδράν,</em></strong></span> <span class='ocrx_word' id='word_1_40' title='bbox 926 369 1090 405; x_wconf 80' lang='grc' dir='ltr'><strong><em>σπεύδων</em></strong></span> 
     </span>
     <span class='ocr_line' id='line_1_7' title="bbox 75 426 1089 474; baseline -0.003 -12"><span class='ocrx_word' id='word_1_41' title='bbox 75 427 349 473; x_wconf 78' lang='grc' dir='ltr'><strong><em>συναιαγκάσαι</em></strong></span> <span class='ocrx_word' id='word_1_42' title='bbox 375 427 458 467; x_wconf 79' lang='grc' dir='ltr'><strong><em>τοὺς</em></strong></span> <span class='ocrx_word' id='word_1_43' title='bbox 492 428 863 474; x_wconf 79' lang='grc' dir='ltr'><strong><em>ἐναντιοπραγοῦντας</em></strong></span> <span class='ocrx_word' id='word_1_44' title='bbox 897 429 1014 461; x_wconf 78' lang='grc' dir='ltr'><strong><em>ποιεῖν</em></strong></span> <span class='ocrx_word' id='word_1_45' title='bbox 1050 426 1089 460; x_wconf 86' lang='grc' dir='ltr'><strong><em>τὸ</em></strong></span> 
     </span>
     <span class='ocr_line' id='line_1_8' title="bbox 75 478 1086 531; baseline -0.002 -13"><span class='ocrx_word' id='word_1_46' title='bbox 75 483 402 531; x_wconf 84' lang='grc' dir='ltr'><strong><em>προστασσόμενον.</em></strong></span> <span class='ocrx_word' id='word_1_47' title='bbox 424 482 646 530; x_wconf 87' lang='grc' dir='ltr'><strong><em>Μυρμιδόνα</em></strong></span> <span class='ocrx_word' id='word_1_48' title='bbox 660 482 725 529; x_wconf 83' lang='grc' dir='ltr'><strong><em>μὲν</em></strong></span> <span class='ocrx_word' id='word_1_49' title='bbox 745 482 882 516; x_wconf 77' lang='grc' dir='ltr'><strong><em>οὖντὸν</em></strong></span> <span class='ocrx_word' id='word_1_50' title='bbox 890 478 1086 525; x_wconf 76' lang='grc' dir='ltr'><strong><em>Ἀθηναῖον</em></strong></span> 
     </span>
     <span class='ocr_line' id='line_1_9' title="bbox 76 536 1090 586; baseline -0.003 -12"><span class='ocrx_word' id='word_1_51' title='bbox 76 537 255 574; x_wconf 71' lang='grc' dir='ltr'><strong><em>ἀπέστειλε</em></strong></span> <span class='ocrx_word' id='word_1_52' title='bbox 273 539 361 583; x_wconf 79' lang='grc' dir='ltr'><strong><em>μετά</em></strong></span> <span class='ocrx_word' id='word_1_53' title='bbox 380 551 602 586; x_wconf 84' lang='grc' dir='ltr'><strong><em>στρατιωτων</em></strong></span> <span class='ocrx_word' id='word_1_54' title='bbox 617 538 769 585; x_wconf 86' lang='grc' dir='ltr'><strong><em>μυρίων,</em></strong></span> <span class='ocrx_word' id='word_1_55' title='bbox 791 538 1032 573; x_wconf 81' lang='grc' dir='ltr'><strong><em>Πολύκλειτον</em></strong></span> <span class='ocrx_word' id='word_1_56' title='bbox 1053 536 1090 571; x_wconf 82' lang='grc' dir='ltr'><strong><em>δὲ</em></strong></span> 
     </span>
     <span class='ocr_line' id='line_1_10' title="bbox 74 594 1091 641; baseline -0.003 -11"><span class='ocrx_word' id='word_1_57' title='bbox 74 595 165 641; x_wconf 74' lang='grc' dir='ltr'><strong><em>μετὰ</em></strong></span> <span class='ocrx_word' id='word_1_58' title='bbox 184 595 270 629; x_wconf 83' lang='grc' dir='ltr'><strong><em>νεῶν</em></strong></span> <span class='ocrx_word' id='word_1_59' title='bbox 288 595 413 630; x_wconf 78' lang='grc' dir='ltr'><strong><em>ἑκατόν</em></strong></span> <span class='ocrx_word' id='word_1_60' title='bbox 426 606 433 614; x_wconf 89' lang='grc'><em>·</em></span> <span class='ocrx_word' id='word_1_61' title='bbox 455 595 522 629; x_wconf 86' lang='grc' dir='ltr'><strong><em>τῶν</em></strong></span> <span class='ocrx_word' id='word_1_62' title='bbox 537 594 575 629; x_wconf 83' lang='grc' dir='ltr'><strong><em>δὲ</em></strong></span> <span class='ocrx_word' id='word_1_63' title='bbox 594 595 737 629; x_wconf 87' lang='grc' dir='ltr'><strong><em>πάντων</em></strong></span> <span class='ocrx_word' id='word_1_64' title='bbox 755 596 954 640; x_wconf 70' lang='grc' dir='ltr'><strong><em>στρατηγὸν</em></strong></span> <span class='ocrx_word' id='word_1_65' title='bbox 973 595 1091 628; x_wconf 63' lang='grc' dir='ltr'><strong><em>ῙνῙενέ·</em></strong></span> 
     </span>
     <span class='ocr_line' id='line_1_11' title="bbox 75 641 1088 696; baseline -0.004 -10"><span class='ocrx_word' id='word_1_66' title='bbox 75 653 162 686; x_wconf 81' lang='grc' dir='ltr'><strong><em>λαον</em></strong></span> <span class='ocrx_word' id='word_1_67' title='bbox 180 651 241 685; x_wconf 83' lang='grc' dir='ltr'><strong><em>τόν</em></strong></span> <span class='ocrx_word' id='word_1_68' title='bbox 260 648 425 695; x_wconf 72' lang='grc' dir='ltr'><strong><em>ἀδελφόν.</em></strong></span> <span class='ocrx_word' id='word_1_69' title='bbox 455 641 554 684; x_wconf 71' lang='grc' dir='ltr'><strong><em>οὗτοι</em></strong></span> <span class='ocrx_word' id='word_1_70' title='bbox 576 649 613 684; x_wconf 83' lang='grc' dir='ltr'><strong><em>δὲ</em></strong></span> <span class='ocrx_word' id='word_1_71' title='bbox 631 649 840 690; x_wconf 77' lang='grc' dir='ltr'><strong><em>πλεύσαντες</em></strong></span> <span class='ocrx_word' id='word_1_72' title='bbox 861 663 907 691; x_wconf 87' lang='grc' dir='ltr'><strong><em>εις</em></strong></span> <span class='ocrx_word' id='word_1_73' title='bbox 922 649 1088 696; x_wconf 79' lang='grc' dir='ltr'><strong><em>Κύπρον,</em></strong></span> 
     </span>
     <span class='ocr_line' id='line_1_12' title="bbox 74 703 1089 752; baseline -0.002 -12"><span class='ocrx_word' id='word_1_74' title='bbox 74 703 175 741; x_wconf 74' lang='grc' dir='ltr'><strong><em>κᾶκεῖ</em></strong></span> <span class='ocrx_word' id='word_1_75' title='bbox 191 706 446 752; x_wconf 81' lang='grc' dir='ltr'><strong><em>καταλαβόντες</em></strong></span> <span class='ocrx_word' id='word_1_76' title='bbox 465 707 638 741; x_wconf 82' lang='grc' dir='ltr'><strong><em>Σέλευκον</em></strong></span> <span class='ocrx_word' id='word_1_77' title='bbox 656 706 744 751; x_wconf 81' lang='grc' dir='ltr'><strong><em>μετά</em></strong></span> <span class='ocrx_word' id='word_1_78' title='bbox 764 706 827 740; x_wconf 78' lang='grc' dir='ltr'><strong><em>τοῦ</em></strong></span> <span class='ocrx_word' id='word_1_79' title='bbox 849 706 988 747; x_wconf 86' lang='grc' dir='ltr'><strong><em>στόλου,</em></strong></span> <span class='ocrx_word' id='word_1_80' title='bbox 1007 717 1089 739; x_wconf 90' lang='grc' dir='ltr'><strong><em>συν-</em></strong></span> 
     </span>
     <span class='ocr_line' id='line_1_13' title="bbox 74 743 1088 809; baseline -0.001 -13"><span class='ocrx_word' id='word_1_81' title='bbox 74 743 250 808; x_wconf 79' lang='grc' dir='ltr'><strong><em>ἠδρευσαν</em></strong></span> <span class='ocrx_word' id='word_1_82' title='bbox 267 761 523 807; x_wconf 82' lang='grc' dir='ltr'><strong><em>βουλευόμενοι</em></strong></span> <span class='ocrx_word' id='word_1_83' title='bbox 541 762 576 796; x_wconf 88' lang='grc' dir='ltr'><strong><em>τί</em></strong></span> <span class='ocrx_word' id='word_1_84' title='bbox 591 762 659 809; x_wconf 80' lang='grc' dir='ltr'><strong><em>χρὴ</em></strong></span> <span class='ocrx_word' id='word_1_85' title='bbox 686 762 863 809; x_wconf 84' lang='grc' dir='ltr'><strong><em>πράττειν.</em></strong></span> <span class='ocrx_word' id='word_1_86' title='bbox 891 760 1003 802; x_wconf 64' lang='grc' dir='ltr'><strong><em>ἔδοξεν</em></strong></span> <span class='ocrx_word' id='word_1_87' title='bbox 1023 773 1088 796; x_wconf 87' lang='grc' dir='ltr'><strong><em>ουν</em></strong></span> 
     </span>
     <span class='ocr_line' id='line_1_14' title="bbox 76 814 1088 863; baseline 0 -13"><span class='ocrx_word' id='word_1_88' title='bbox 76 814 198 858; x_wconf 78' lang='grc' dir='ltr'><strong><em>ιιῦτοῖς</em></strong></span> <span class='ocrx_word' id='word_1_89' title='bbox 217 816 459 853; x_wconf 80' lang='grc' dir='ltr'><strong><em>Πολύκλειτον</em></strong></span> <span class='ocrx_word' id='word_1_90' title='bbox 475 818 563 863; x_wconf 83' lang='grc' dir='ltr'><strong><em>μετά</em></strong></span> <span class='ocrx_word' id='word_1_91' title='bbox 583 817 799 861; x_wconf 83' lang='grc' dir='ltr'><strong><em>πεντήκοντα</em></strong></span> <span class='ocrx_word' id='word_1_92' title='bbox 818 831 902 852; x_wconf 84' lang='grc' dir='ltr'><strong><em>νεων</em></strong></span> <span class='ocrx_word' id='word_1_93' title='bbox 920 819 1020 852; x_wconf 79' lang='grc' dir='ltr'><strong><em>πλεῖν</em></strong></span> <span class='ocrx_word' id='word_1_94' title='bbox 1039 814 1088 857; x_wconf 83' lang='grc' dir='ltr'><strong><em>εἷς</em></strong></span> 
     </span>
     <span class='ocr_line' id='line_1_15' title="bbox 79 870 1086 921; baseline 0 -14"><span class='ocrx_word' id='word_1_95' title='bbox 79 874 368 920; x_wconf 81' lang='grc' dir='ltr'><strong><em>Πελοπόννησον,</em></strong></span> <span class='ocrx_word' id='word_1_96' title='bbox 407 873 466 909; x_wconf 85' lang='grc' dir='ltr'><strong><em>καὶ</em></strong></span> <span class='ocrx_word' id='word_1_97' title='bbox 483 873 709 920; x_wconf 76' lang='grc' dir='ltr'><strong><em>διαπολεμεῖν</em></strong></span> <span class='ocrx_word' id='word_1_98' title='bbox 736 876 809 913; x_wconf 83' lang='grc' dir='ltr'><strong><em>τοῖς</em></strong></span> <span class='ocrx_word' id='word_1_99' title='bbox 834 873 915 921; x_wconf 82' lang='grc' dir='ltr'><strong><em>περὶ</em></strong></span> <span class='ocrx_word' id='word_1_100' title='bbox 929 870 1086 920; x_wconf 77' lang='grc' dir='ltr'><strong><em>Ἀριστό-</em></strong></span> 
     </span>
     <span class='ocr_line' id='line_1_16' title="bbox 76 925 1088 978; baseline 0.001 -15"><span class='ocrx_word' id='word_1_101' title='bbox 76 929 188 976; x_wconf 87' lang='grc' dir='ltr'><strong><em>δημον</em></strong></span> <span class='ocrx_word' id='word_1_102' title='bbox 207 928 266 964; x_wconf 82' lang='grc' dir='ltr'><strong><em>καὶ</em></strong></span> <span class='ocrx_word' id='word_1_103' title='bbox 282 925 514 977; x_wconf 79' lang='grc' dir='ltr'><strong><em>Ἀλέξανδρον,</em></strong></span> <span class='ocrx_word' id='word_1_104' title='bbox 525 929 574 966; x_wconf 77' lang='grc' dir='ltr'><strong><em>ἔτι</em></strong></span> <span class='ocrx_word' id='word_1_105' title='bbox 593 929 629 965; x_wconf 85' lang='grc' dir='ltr'><strong><em>δὲ</em></strong></span> <span class='ocrx_word' id='word_1_106' title='bbox 640 931 943 978; x_wconf 78' lang='grc' dir='ltr'><strong><em>Πολυσπέρχοντα</em></strong></span> <span class='ocrx_word' id='word_1_107' title='bbox 954 942 962 950; x_wconf 96' lang='grc'><em>·</em></span> <span class='ocrx_word' id='word_1_108' title='bbox 979 935 1088 976; x_wconf 88' lang='grc' dir='ltr'><strong><em>Μυρ-</em></strong></span> 
     </span>
     <span class='ocr_line' id='line_1_17' title="bbox 73 984 1089 1034; baseline -0.001 -14"><span class='ocrx_word' id='word_1_109' title='bbox 73 984 203 1031; x_wconf 88' lang='grc' dir='ltr'><strong><em>μιδόνα</em></strong></span> <span class='ocrx_word' id='word_1_110' title='bbox 223 985 259 1020; x_wconf 83' lang='grc' dir='ltr'><strong><em>δὲ</em></strong></span> <span class='ocrx_word' id='word_1_111' title='bbox 278 985 337 1020; x_wconf 82' lang='grc' dir='ltr'><strong><em>καὶ</em></strong></span> <span class='ocrx_word' id='word_1_112' title='bbox 356 987 437 1027; x_wconf 76' lang='grc' dir='ltr'><strong><em>τοὺς</em></strong></span> <span class='ocrx_word' id='word_1_113' title='bbox 453 988 570 1027; x_wconf 79' lang='grc' dir='ltr'><strong><em>ξένους</em></strong></span> <span class='ocrx_word' id='word_1_114' title='bbox 588 984 634 1027; x_wconf 83' lang='grc' dir='ltr'><strong><em>εἷς</em></strong></span> <span class='ocrx_word' id='word_1_115' title='bbox 653 988 808 1034; x_wconf 88' lang='grc' dir='ltr'><strong><em>Καρίαν,</em></strong></span> <span class='ocrx_word' id='word_1_116' title='bbox 835 986 1089 1031; x_wconf 82' lang='grc' dir='ltr'><strong><em>βοηθήσοντας</em></strong></span> 
     </span>
     <span class='ocr_line' id='line_1_18' title="bbox 75 1040 1088 1089; baseline 0.001 -15"><span class='ocrx_word' id='word_1_117' title='bbox 75 1043 148 1082; x_wconf 88' lang='grc' dir='ltr'><strong><em>τοῖς</em></strong></span> <span class='ocrx_word' id='word_1_118' title='bbox 166 1041 245 1087; x_wconf 84' lang='grc' dir='ltr'><strong><em>περὶ</em></strong></span> <span class='ocrx_word' id='word_1_119' title='bbox 263 1043 324 1076; x_wconf 87' lang='grc' dir='ltr'><strong><em>τὸν</em></strong></span> <span class='ocrx_word' id='word_1_120' title='bbox 339 1041 591 1089; x_wconf 83' lang='grc' dir='ltr'><strong><em>Κάσσανδρον,</em></strong></span> <span class='ocrx_word' id='word_1_121' title='bbox 611 1043 887 1088; x_wconf 83' lang='grc' dir='ltr'><strong><em>πολεμουμένοις</em></strong></span> <span class='ocrx_word' id='word_1_122' title='bbox 907 1040 976 1077; x_wconf 81' lang='grc' dir='ltr'><strong><em>ὑπὸ</em></strong></span> <span class='ocrx_word' id='word_1_123' title='bbox 990 1047 1088 1076; x_wconf 79' lang='grc' dir='ltr'><strong><em>Πτο-</em></strong></span> 
     </span>
     <span class='ocr_line' id='line_1_19' title="bbox 78 1097 1090 1146; baseline 0.001 -16"><span class='ocrx_word' id='word_1_124' title='bbox 78 1098 222 1141; x_wconf 83' lang='grc' dir='ltr'><strong><em>λεμαίου</em></strong></span> <span class='ocrx_word' id='word_1_125' title='bbox 251 1098 315 1131; x_wconf 73' lang='grc' dir='ltr'><strong><em>τοῦ</em></strong></span> <span class='ocrx_word' id='word_1_126' title='bbox 343 1099 563 1145; x_wconf 53' lang='grc' dir='ltr'><strong><em>στρατηγοῒΡ</em></strong></span> <span class='ocrx_word' id='word_1_127' title='bbox 582 1099 665 1138; x_wconf 82' lang='grc' dir='ltr'><strong><em>τοὺς</em></strong></span> <span class='ocrx_word' id='word_1_128' title='bbox 685 1098 721 1133; x_wconf 83' lang='grc' dir='ltr'><strong><em>δὲ</em></strong></span> <span class='ocrx_word' id='word_1_129' title='bbox 737 1097 817 1146; x_wconf 78' lang='grc' dir='ltr'><strong><em>περὶ</em></strong></span> <span class='ocrx_word' id='word_1_130' title='bbox 836 1099 897 1133; x_wconf 88' lang='grc' dir='ltr'><strong><em>τὸν</em></strong></span> <span class='ocrx_word' id='word_1_131' title='bbox 915 1098 1090 1134; x_wconf 83' lang='grc' dir='ltr'><strong><em>Σέλευκον</em></strong></span> 
     </span>
     <span class='ocr_line' id='line_1_20' title="bbox 76 1150 1090 1201; baseline 0 -15"><span class='ocrx_word' id='word_1_132' title='bbox 76 1150 330 1186; x_wconf 72' lang='grc' dir='ltr'><strong><em>καὶΜενέλαον</em></strong></span> <span class='ocrx_word' id='word_1_133' title='bbox 348 1151 630 1199; x_wconf 74' lang='grc' dir='ltr'><strong><em>ὑπολειφθέντας</em></strong></span> <span class='ocrx_word' id='word_1_134' title='bbox 648 1156 683 1188; x_wconf 81' lang='grc' dir='ltr'><strong><em>ἐν</em></strong></span> <span class='ocrx_word' id='word_1_135' title='bbox 702 1153 849 1201; x_wconf 77' lang='grc' dir='ltr'><strong><em>Κύπρῳ,</em></strong></span> <span class='ocrx_word' id='word_1_136' title='bbox 871 1154 959 1199; x_wconf 79' lang='grc' dir='ltr'><strong><em>μετὰ</em></strong></span> <span class='ocrx_word' id='word_1_137' title='bbox 979 1159 1090 1188; x_wconf 81' lang='grc' dir='ltr'><strong><em>Νικο-</em></strong></span> 
     </span>
     <span class='ocr_line' id='line_1_21' title="bbox 76 1206 1090 1255; baseline 0.001 -13"><span class='ocrx_word' id='word_1_138' title='bbox 76 1207 236 1255; x_wconf 82' lang='grc' dir='ltr'><strong><em>κρέοντος</em></strong></span> <span class='ocrx_word' id='word_1_139' title='bbox 263 1210 326 1242; x_wconf 82' lang='grc' dir='ltr'><strong><em>τοῦ</em></strong></span> <span class='ocrx_word' id='word_1_140' title='bbox 351 1209 520 1254; x_wconf 84' lang='grc' dir='ltr'><strong><em>βασιλέως</em></strong></span> <span class='ocrx_word' id='word_1_141' title='bbox 551 1208 610 1244; x_wconf 82' lang='grc' dir='ltr'><strong><em>καὶ</em></strong></span> <span class='ocrx_word' id='word_1_142' title='bbox 635 1210 702 1243; x_wconf 80' lang='grc' dir='ltr'><strong><em>τῶν</em></strong></span> <span class='ocrx_word' id='word_1_143' title='bbox 729 1206 840 1244; x_wconf 74' lang='grc' dir='ltr'><strong><em>ἄλλων</em></strong></span> <span class='ocrx_word' id='word_1_144' title='bbox 856 1211 923 1244; x_wconf 83' lang='grc' dir='ltr'><strong><em>τῶν</em></strong></span> <span class='ocrx_word' id='word_1_145' title='bbox 942 1222 1090 1255; x_wconf 85' lang='grc' dir='ltr'><strong><em>συμμα-</em></strong></span> 
     </span>
     <span class='ocr_line' id='line_1_22' title="bbox 71 1262 1091 1312; baseline 0 -14"><span class='ocrx_word' id='word_1_146' title='bbox 71 1262 230 1307; x_wconf 80' lang='grc' dir='ltr'><strong><em>χούντων</em></strong></span> <span class='ocrx_word' id='word_1_147' title='bbox 259 1263 484 1310; x_wconf 84' lang='grc' dir='ltr'><strong><em>διαπολεμεῖν</em></strong></span> <span class='ocrx_word' id='word_1_148' title='bbox 509 1267 584 1305; x_wconf 78' lang='grc' dir='ltr'><strong><em>τοῖς</em></strong></span> <span class='ocrx_word' id='word_1_149' title='bbox 621 1267 911 1312; x_wconf 80' lang='grc' dir='ltr'><strong><em>ἐναντιουμένοις.</em></strong></span> <span class='ocrx_word' id='word_1_150' title='bbox 961 1266 1091 1300; x_wconf 82' lang='grc' dir='ltr'><strong><em>τοῦτον</em></strong></span> 
     </span>
     <span class='ocr_line' id='line_1_23' title="bbox 77 1318 1090 1368; baseline 0.001 -15"><span class='ocrx_word' id='word_1_151' title='bbox 77 1318 114 1353; x_wconf 87' lang='grc' dir='ltr'><strong><em>δὲ</em></strong></span> <span class='ocrx_word' id='word_1_152' title='bbox 131 1320 193 1354; x_wconf 87' lang='grc' dir='ltr'><strong><em>τὸν</em></strong></span> <span class='ocrx_word' id='word_1_153' title='bbox 211 1320 345 1367; x_wconf 78' lang='grc' dir='ltr'><strong><em>τρόπον</em></strong></span> <span class='ocrx_word' id='word_1_154' title='bbox 364 1322 424 1364; x_wconf 86' lang='grc' dir='ltr'><strong><em>τῆς</em></strong></span> <span class='ocrx_word' id='word_1_155' title='bbox 443 1320 621 1365; x_wconf 84' lang='grc' dir='ltr'><strong><em>δυνάμεως</em></strong></span> <span class='ocrx_word' id='word_1_156' title='bbox 640 1320 942 1368; x_wconf 76' lang='grc' dir='ltr'><strong><em>διαμερισθείσης,</em></strong></span> <span class='ocrx_word' id='word_1_157' title='bbox 964 1319 1090 1368; x_wconf 81' lang='grc' dir='ltr'><strong><em>οἱπερὶ</em></strong></span> 
     </span>
     <span class='ocr_line' id='line_1_24' title="bbox 75 1375 1090 1425; baseline 0.003 -16"><span class='ocrx_word' id='word_1_158' title='bbox 75 1375 248 1410; x_wconf 76' lang='grc' dir='ltr'><strong><em>Σέλευκον</em></strong></span> <span class='ocrx_word' id='word_1_159' title='bbox 265 1376 469 1423; x_wconf 73' lang='grc' dir='ltr'><strong><em>Κερυννιάν</em></strong></span> <span class='ocrx_word' id='word_1_160' title='bbox 486 1377 549 1421; x_wconf 81' lang='grc' dir='ltr'><strong><em>μὲν</em></strong></span> <span class='ocrx_word' id='word_1_161' title='bbox 575 1375 636 1411; x_wconf 79' lang='grc' dir='ltr'><strong><em>καὶ</em></strong></span> <span class='ocrx_word' id='word_1_162' title='bbox 652 1379 830 1413; x_wconf 87' lang='grc' dir='ltr'><strong><em>Λάπιθον</em></strong></span> <span class='ocrx_word' id='word_1_163' title='bbox 849 1378 1090 1425; x_wconf 76' lang='grc' dir='ltr'><strong><em>ἐξεπολιόρκη-</em></strong></span> 
     </span>
     <span class='ocr_line' id='line_1_25' title="bbox 74 1431 1089 1480; baseline 0 -13"><span class='ocrx_word' id='word_1_164' title='bbox 74 1444 159 1467; x_wconf 87' lang='grc' dir='ltr'><strong><em>σαν·</em></strong></span> <span class='ocrx_word' id='word_1_165' title='bbox 179 1431 399 1467; x_wconf 81' lang='grc' dir='ltr'><strong><em>Στασίοικον</em></strong></span> <span class='ocrx_word' id='word_1_166' title='bbox 419 1432 456 1467; x_wconf 83' lang='grc' dir='ltr'><strong><em>δὲ</em></strong></span> <span class='ocrx_word' id='word_1_167' title='bbox 470 1433 532 1467; x_wconf 85' lang='grc' dir='ltr'><strong><em>τὸν</em></strong></span> <span class='ocrx_word' id='word_1_168' title='bbox 549 1433 698 1479; x_wconf 80' lang='grc' dir='ltr'><strong><em>βασιλέα</em></strong></span> <span class='ocrx_word' id='word_1_169' title='bbox 717 1434 784 1468; x_wconf 84' lang='grc' dir='ltr'><strong><em>τῶν</em></strong></span> <span class='ocrx_word' id='word_1_170' title='bbox 804 1434 959 1469; x_wconf 80' lang='grc' dir='ltr'><strong><em>Μανέων</em></strong></span> <span class='ocrx_word' id='word_1_171' title='bbox 977 1445 1089 1480; x_wconf 91' lang='grc' dir='ltr'><strong><em>προσ-</em></strong></span> 
     </span>
     <span class='ocr_line' id='line_1_26' title="bbox 75 1485 1090 1535; baseline 0.001 -13"><span class='ocrx_word' id='word_1_172' title='bbox 75 1487 312 1534; x_wconf 77' lang='grc' dir='ltr'><strong><em>αγαγόμενοι,</em></strong></span> <span class='ocrx_word' id='word_1_173' title='bbox 346 1489 400 1523; x_wconf 76' lang='grc' dir='ltr'><strong><em>ιόν</em></strong></span> <span class='ocrx_word' id='word_1_174' title='bbox 420 1485 668 1535; x_wconf 73' lang='grc' dir='ltr'><strong><em>Ἀμαθουσίων</em></strong></span> <span class='ocrx_word' id='word_1_175' title='bbox 687 1487 898 1533; x_wconf 75' lang='grc' dir='ltr'><strong><em>ὅυνάστην’</em></strong></span> <span class='ocrx_word' id='word_1_176' title='bbox 880 1490 1090 1534; x_wconf 80' lang='grc' dir='ltr'><strong><em>ηνάγκασαν</em></strong></span> 
     </span>
     <span class='ocr_line' id='line_1_27' title="bbox 75 1541 1089 1590; baseline 0.001 -13"><span class='ocrx_word' id='word_1_177' title='bbox 75 1556 194 1590; x_wconf 86' lang='grc' dir='ltr'><strong><em>ομηρα</em></strong></span> <span class='ocrx_word' id='word_1_178' title='bbox 222 1542 368 1578; x_wconf 84' lang='grc' dir='ltr'><strong><em>δοῦναι·</em></strong></span> <span class='ocrx_word' id='word_1_179' title='bbox 405 1545 469 1589; x_wconf 89' lang='grc' dir='ltr'><strong><em>τήν</em></strong></span> <span class='ocrx_word' id='word_1_180' title='bbox 488 1544 525 1579; x_wconf 84' lang='grc' dir='ltr'><strong><em>δὲ</em></strong></span> <span class='ocrx_word' id='word_1_181' title='bbox 543 1545 610 1579; x_wconf 82' lang='grc' dir='ltr'><strong><em>τῶν</em></strong></span> <span class='ocrx_word' id='word_1_182' title='bbox 627 1545 764 1580; x_wconf 87' lang='grc' dir='ltr'><strong><em>Κιτίων</em></strong></span> <span class='ocrx_word' id='word_1_183' title='bbox 782 1545 886 1580; x_wconf 86' lang='grc' dir='ltr'><strong><em>πόλιν</em></strong></span> <span class='ocrx_word' id='word_1_184' title='bbox 911 1541 954 1579; x_wconf 80' lang='grc' dir='ltr'><strong><em>οὗ</em></strong></span> <span class='ocrx_word' id='word_1_185' title='bbox 975 1544 1089 1580; x_wconf 83' lang='grc' dir='ltr'><strong><em>δυνά-</em></strong></span> 
     </span>
     <span class='ocr_line' id='line_1_28' title="bbox 73 1601 1088 1648; baseline 0.003 -15"><span class='ocrx_word' id='word_1_186' title='bbox 73 1611 174 1643; x_wconf 75' lang='grc' dir='ltr'><strong><em>μενοι</em></strong></span> <span class='ocrx_word' id='word_1_187' title='bbox 203 1601 524 1646; x_wconf 74' lang='grc' dir='ltr'><strong><em>προσαγαγέσθαι,</em></strong></span> <span class='ocrx_word' id='word_1_188' title='bbox 561 1601 709 1645; x_wconf 83' lang='grc' dir='ltr'><strong><em>συνεχῶς</em></strong></span> <span class='ocrx_word' id='word_1_189' title='bbox 732 1602 965 1648; x_wconf 84' lang='grc' dir='ltr'><strong><em>ἐπολιόρκουν</em></strong></span> <span class='ocrx_word' id='word_1_190' title='bbox 989 1601 1088 1647; x_wconf 82' lang='grc' dir='ltr'><strong><em>πάση</em></strong></span> 
     </span>
     <span class='ocr_line' id='line_1_29' title="bbox 74 1652 1088 1704; baseline 0.001 -15"><span class='ocrx_word' id='word_1_191' title='bbox 74 1654 119 1701; x_wconf 81' lang='grc' dir='ltr'><strong><em>τῇ</em></strong></span> <span class='ocrx_word' id='word_1_192' title='bbox 138 1654 297 1701; x_wconf 80' lang='grc' dir='ltr'><strong><em>δυνάμει.</em></strong></span> <span class='ocrx_word' id='word_1_193' title='bbox 332 1656 425 1691; x_wconf 78' lang='grc' dir='ltr'><strong><em>κατά</em></strong></span> <span class='ocrx_word' id='word_1_194' title='bbox 443 1657 572 1691; x_wconf 68' lang='grc' dir='ltr'><strong><em>τοῦτον</em></strong></span> <span class='ocrx_word' id='word_1_195' title='bbox 592 1656 629 1692; x_wconf 82' lang='grc' dir='ltr'><strong><em>δὲ</em></strong></span> <span class='ocrx_word' id='word_1_196' title='bbox 647 1656 710 1692; x_wconf 85' lang='grc' dir='ltr'><strong><em>τὸν</em></strong></span> <span class='ocrx_word' id='word_1_197' title='bbox 727 1658 853 1704; x_wconf 86' lang='grc' dir='ltr'><strong><em>καιρὸν</em></strong></span> <span class='ocrx_word' id='word_1_198' title='bbox 872 1657 960 1704; x_wconf 87' lang='grc' dir='ltr'><strong><em>πρὸς</em></strong></span> <span class='ocrx_word' id='word_1_199' title='bbox 975 1652 1088 1690; x_wconf 76' lang='grc' dir='ltr'><strong><em>Ἄντί-</em></strong></span> 
     </span>
     <span class='ocr_line' id='line_1_30' title="bbox 75 1708 1089 1757; baseline 0.001 -12"><span class='ocrx_word' id='word_1_200' title='bbox 75 1723 181 1757; x_wconf 81' lang='grc' dir='ltr'><strong><em>γονον</em></strong></span> <span class='ocrx_word' id='word_1_201' title='bbox 200 1712 440 1748; x_wconf 82' lang='grc' dir='ltr'><strong><em>κατέπλευσαν</em></strong></span> <span class='ocrx_word' id='word_1_202' title='bbox 457 1714 491 1754; x_wconf 79' lang='grc' dir='ltr'><strong><em>ἐξ</em></strong></span> <span class='ocrx_word' id='word_1_203' title='bbox 503 1709 766 1757; x_wconf 79' lang='grc' dir='ltr'><strong><em>Ἑλλησπόντου</em></strong></span> <span class='ocrx_word' id='word_1_204' title='bbox 783 1712 843 1747; x_wconf 79' lang='grc' dir='ltr'><strong><em>καὶ</em></strong></span> <span class='ocrx_word' id='word_1_205' title='bbox 867 1708 994 1747; x_wconf 79' lang='grc' dir='ltr'><strong><em>Ῥόδου</em></strong></span> <span class='ocrx_word' id='word_1_206' title='bbox 1010 1713 1089 1756; x_wconf 86' lang='grc' dir='ltr'><strong><em>νῆες</em></strong></span> 
     </span>
     <span class='ocr_line' id='line_1_31' title="bbox 798 1764 864 1799; baseline 0 0"><span class='ocrx_word' id='word_1_207' title='bbox 798 1764 828 1795; x_wconf 94' lang='lat' dir='ltr'>O</span> <span class='ocrx_word' id='word_1_208' title='bbox 846 1775 864 1799; x_wconf 90' lang='lat'><strong>2</strong></span> 
     </span>
    </p>
   </div>
  </div>
 </body>
</html>
