1238 1888
129 62 200 97 112
444 52 648 87 DlODORl
669 52 816 86 SICVLI

212 128 275 164 73.
292 123 484 174 Ἀντίγονος
501 125 563 170 μὲν
585 116 661 167 οὗν,
676 125 867 173 τηλικαύτῃ
888 127 1060 175 συμφορᾷ
1079 141 1139 163 πε-

125 182 280 232 ριβαλὼν
299 183 382 223 τούς
401 182 600 226 πολεμίους,
621 181 776 227 μεγάλην
794 182 850 216 ἐπὶ
868 183 1062 230 στρατηγίᾳ
1083 182 1140 218 καὶ

124 239 260 274 συνέσει
296 238 400 275 δόξαν
436 236 658 281 ἀπηνέγκατο
672 250 679 257 ·
729 239 1068 284 θαλαττοκρατῆσαι
1105 239 1140 273 δὲ

124 293 269 330 ἔσπευδε
281 322 289 336 ,
317 293 378 329 καὶ
397 295 461 338 τὴν
480 294 538 336 τῆς
554 288 664 331 Ἀσίας
682 289 872 338 ἡγεμονίαν
892 291 1061 341 ἄδήριτον
1079 308 1135 329 πε·

124 350 399 396 ριποιὴσασθαι.
442 349 563 395 διόπερ
582 349 616 387 ἐξ
633 346 773 391 ἁπάσης
792 350 850 392 τῆς
871 348 1048 392 δυνάμεως
1065 353 1139 385 ἑπι-

125 406 219 447 λὲξας
237 402 404 446 εὐζώνους
424 403 547 446 πεζοὺς
565 403 627 447 μὲν
649 403 867 451 δισμυρίους,
895 403 1012 445 ἱππεῖς
1031 405 1066 440 δὲ
1086 420 1139 441 τε-

124 462 401 507 τρακισχιλίους,
438 460 593 507 προῆγεν
611 458 668 493 ἐπὶ
687 460 857 501 Κιλικίας,
879 460 1039 495 σπεύδων
1058 462 1140 503 τοὺς

123 516 203 564 περὶ
222 517 282 550 τὸν
303 512 444 561 Εὐμένη
465 515 680 560 κατακόψαι,
692 515 761 561 πρὸ
780 517 844 549 τοῦ
866 515 1017 562 δύναμιν
1034 515 1139 565 ἁδρο-

126 573 228 620 τέραν
247 569 443 618 ἁθροίζειν.
477 567 638 616 Εὐμένης
655 569 700 611 δὲ,
723 573 931 618 πυθόμενος
946 573 1007 615 τήν
1027 573 1140 619 ὁρμὴν

125 629 191 663 τῶν
209 628 289 674 περὶ
308 628 370 662 τὸν
387 623 599 672 Ἀντίγονον,
636 626 824 671 ἐπεβάλετο
852 628 916 673 μὲν
935 628 998 671 τήν
1022 630 1143 663 Φοινί-

126 696 189 727 κην
210 681 440 718 ἀνακτᾶσθαι
459 685 533 722 τοῖς
549 682 748 727 βασιλεῦσι,
771 685 1046 729 κατειλημμένην
1065 682 1142 719 ἀδί-

125 753 190 781 κως
219 738 287 774 ὑπὸ
309 739 556 784 Πτολεμαίου·
596 738 902 785 καταταχούμενος
928 735 965 772 δ’
987 739 1056 774 ὑπὸ
1076 741 1142 774 τῶν

127 795 276 841 καιρῶν,
305 792 477 836 οἷνέζευξεν
496 797 532 829 ἐκ
552 795 611 837 τῆς
635 793 810 837 Φοινίκης,
831 795 888 829 καὶ
908 794 966 829 διὰ
985 797 1045 839 τῆς
1063 796 1143 831 κοί-

127 852 185 894 λης
206 851 340 898 Συρίας
360 852 492 897 προῆγε
509 850 597 894 μετά
615 850 674 892 τῆς
695 848 881 895 δυνάμεως,
895 850 1055 886 σπεύδων
1074 852 1142 886 τῶν

127 904 198 941 ἅνω
224 907 419 953 λεγομένων
445 906 668 953 σατραπειῶν
694 902 881 951 ἅψασθαι.
926 907 1007 954 περὶ
1027 907 1062 942 δὲ
1082 908 1142 942 τὸν

131 963 255 1007 Τίγριν
283 962 466 1007 ποταμὸν,
501 961 723 1007 ἐπιθεμένων
755 959 850 1008 αὐτῷ
877 963 941 997 τῶν
968 964 1142 1011 ἐγχωρίων

127 1017 272 1059 νυκτὸς,
310 1016 465 1063 ἀπέβαλέ
483 1029 580 1057 τινας
599 1018 666 1050 τῶν
687 1018 925 1062 στρατιωτῶν·
951 1020 1138 1065 παραπλη-

126 1075 208 1114 σίως
227 1073 262 1107 δὲ
293 1072 353 1107 καὶ
372 1074 463 1107 κατά
482 1073 546 1115 τὴν
563 1072 803 1116 Βαβυλωνίαν
830 1075 1046 1118 ἐπιθεμένου
1077 1076 1140 1109 τοῦ

126 1128 305 1164 Σελεύκου
325 1130 423 1174 παρὰ
443 1129 504 1163 τὸν
516 1125 712 1174 Εὗφράτην
731 1130 907 1175 ποταμὸν,
920 1129 1141 1166 ἐκινδύνευσε

125 1185 187 1230 μὲν
206 1182 354 1220 ἅπασαν
372 1181 571 1229 ἀποβαλεῖν
591 1183 652 1226 τήν
674 1181 836 1230 δύναμιν,
857 1180 1028 1234 διώρυγός
1048 1199 1141 1228 τινος

126 1241 309 1288 ῥαγείσης,
350 1239 410 1275 καὶ
429 1241 489 1283 τῆς
508 1239 781 1286 στρατοπεδείας
799 1237 879 1283 ὅλης
897 1243 1140 1289 συγκλυσθεί-

125 1309 187 1341 σης
200 1309 207 1317 ·
243 1293 335 1342 ὅμως
354 1296 390 1331 δὲ
409 1296 468 1330 δια
488 1295 546 1338 τῆς
565 1293 656 1335 ἰδίας
684 1296 897 1343 στρατηγίας
914 1299 972 1333 ἐπί
991 1312 1022 1333 τι
1036 1299 1139 1344 χῶμα

124 1352 361 1398 καταφυγὼν,
402 1350 462 1386 καὶ
488 1351 551 1395 τήν
579 1350 735 1397 διώρυγα
765 1352 871 1387 πάλιν
898 1351 1135 1401 ἀποστρέψας,

126 1407 289 1443 διέσωσεν
319 1406 429 1442 αὑτόν
447 1421 481 1442 τε
500 1406 560 1441 καὶ
579 1406 642 1448 τήν
662 1405 827 1453 δύναμιν.
876 1408 1082 1456 παραδόξως
1103 1409 1138 1444 δὲ

125 1464 186 1504 τας
205 1466 268 1499 τοῦ
288 1464 466 1499 Σελεύκου
480 1465 600 1510 χεῖρας
619 1462 814 1511 διαφυγὼν,
830 1463 993 1508 διήνυσεν
1012 1463 1058 1507 εἷς
1077 1466 1138 1510 τήν

127 1519 290 1567 Περσίδα
315 1520 403 1566 μετά
422 1521 481 1565 τῆς
501 1518 699 1564 δυνάμεως,
738 1519 822 1563 ἔχων
845 1521 967 1563 πεζοὺς
985 1522 1048 1565 μὲν
1065 1534 1140 1567 μυ-

127 1575 224 1622 ρίους
252 1574 310 1611 καὶ
346 1575 663 1619 πεντακισχιλίους,
701 1573 819 1616 ἱππεῖς
856 1575 892 1612 δὲ
912 1578 1048 1621 χιλίους
1082 1577 1140 1612 καὶ

127 1632 363 1677 τριακοσίους.
403 1629 594 1678 ἀναλαβὼν
621 1630 657 1666 δὲ
674 1631 754 1672 τούς
784 1633 999 1680 στρατιώτας
1025 1636 1061 1668 ἐκ
1081 1635 1139 1677 τῆς

128 1687 395 1729 κακοπαθείας,
432 1687 639 1732 διεπέμπετο
665 1688 752 1735 πρός
786 1701 822 1723 τε
850 1689 931 1730 τοὺς
956 1690 1140 1738 σατράπας
