1238 1888
103 49 176 85 280
426 42 629 79 DIODORI
658 42 814 77 SICULI

101 124 169 154 que
197 112 383 154 incorrupti
410 119 557 143 senatus.
621 111 683 144 Sin
711 112 906 144 innocentia
937 111 998 144 tibi
1025 111 1111 145 forte

100 157 284 200 supplicio,
299 156 420 188 veritas
435 158 647 187 contentione
677 156 780 198 (ligna
806 155 951 196 videtur,
983 165 1017 189 et
1043 165 1083 189 ut
1097 171 1114 190 a

100 202 217 244 paucis
232 203 386 243 iniquam
401 212 513 232 sumas
529 200 727 238 vindictam,
742 201 902 233 omnibus
916 201 1012 234 nobis
1042 203 1115 234 bel-

100 248 179 279 lum
192 246 349 285 intentas,
364 246 415 277 sac
429 244 521 287 quod
534 245 641 276 lubet.
702 245 747 276 Et
773 247 800 277 si
828 247 1037 288 impatientia
1056 254 1112 278 tna

101 303 172 323 non
186 292 328 323 sustinet
343 288 459 321 audire
474 288 708 321 defensionem
721 290 858 332 linguae
874 291 1025 328 inermis,
1039 302 1116 322 scu-

102 337 162 368 tiet
175 336 288 367 forsan
303 341 446 378 armatas
461 335 494 365 in
511 334 668 365 manibus
683 336 802 365 nostris
818 337 973 373 rationes,
991 335 1113 376 quibus

100 387 266 422 tanquam
281 380 426 411 iustitiae
452 379 776 422 propugnatricibus
805 380 861 411 Dii
888 380 1019 411 invictis
1046 391 1114 411 esse

102 425 304 456 concedent.

102 490 413 525 CATANENSES
444 489 703 522 PHALARIDI
729 489 959 523 TYRANNO
983 490 1111 524 AGRI·

450 534 779 568 GENTINORUM.

351 591 470 634 Eptst.
493 589 603 622 CXII
641 590 742 623 Libri
755 591 869 623 tertii.

192 648 255 681 IX.
284 645 375 679 Cum
389 659 460 678 non
474 652 703 684 statuerImus,
719 657 829 689 neque
845 648 947 678 etiam
961 646 1040 678 satis
1055 657 1113 678 ex-

99 691 248 738 pendere
262 692 444 736 possimus,
461 692 625 723 maim-ine
653 691 884 723 misericordia
912 700 943 723 et
963 692 1114 722 clemen-

101 741 147 771 tia
173 745 328 770 senectus
359 744 426 774 tua,
458 744 491 767 et
520 736 678 768 valetudo
693 737 891 778 gravissima
919 748 956 767 ac
975 737 1113 768 ‹liutur-

101 796 156 821 na,
173 795 214 814 an
229 782 398 825 supplicio
415 781 565 823 indigeat
580 782 776 812 insanabilis
803 781 860 812 ille
888 781 1027 812 morbus
1042 782 1113 812 lin-

102 838 188 871 guae
205 836 279 859 tuae
295 827 480 869 pestiferae,
495 833 756 867 ceterorumque
785 826 945 857 vitiorum
961 833 1111 863 tuorum,

101 873 203 905 armis
220 880 251 904 te
265 872 388 903 nostris
404 871 543 908 adoriri,
560 871 640 901 etin
656 878 860 914 perpetuum
876 869 933 901 tibi
948 870 1110 902 occlude-

100 929 138 949 re
164 916 372 948 maledicum
400 915 488 947 illud
514 927 550 946 os
572 922 671 946 tuum
685 914 952 958 supersedimus.
989 915 1036 946 Ut
1050 927 1113 945 au-

102 970 172 994 tem
192 961 369 998 damnum,
385 959 478 1002 quod
492 960 532 992 ab
548 960 709 991 immissis
724 973 740 991 a
756 968 788 991 te
806 959 1040 991 incensoribus
1054 972 1112 991 se-

103 1014 222 1050 getum
236 1013 442 1044 nostrarum,
458 1004 664 1036 occisoribus
692 1015 840 1048 gregum
867 1005 1113 1043 innoeentium,

102 1051 307 1094 accepimus,
322 1060 362 1081 ex
379 1057 473 1092 parte
490 1048 755 1088 vindicaremus,
771 1061 839 1080 una
864 1060 944 1080 cum
971 1050 1115 1082 Leonti-

101 1097 168 1136 nis‚
186 1095 341 1127 hostibus
355 1094 432 1132 tuis,
447 1095 516 1126 iam
526 1101 652 1125 terram
666 1101 762 1126 tuam
770 1092 967 1137 depopulati
982 1105 1112 1134 sumus,

101 1151 230 1182 magna
244 1147 358 1171 tamen
373 1138 425 1169 usi
439 1139 652 1176 continentia,
669 1146 701 1170 et
715 1139 894 1170 clementia
904 1162 914 1177 ,
929 1139 1114 1172 exercitum

101 1196 238 1228 quoque
265 1191 363 1215 tuum
390 1185 546 1226 equitum
573 1182 795 1226 peditumque
820 1191 1016 1215 nostrorum
1045 1194 1113 1214 non

101 1230 234 1262 viribus
250 1235 396 1266 tantum,
411 1227 470 1259 sed
485 1237 517 1261 et
531 1236 657 1260 terrore
688 1228 852 1266 fudimus,
881 1236 914 1259 et
943 1229 978 1260 in
993 1228 1111 1270 sugam

101 1274 322 1313 coniecimus,
337 1274 522 1305 clementes
538 1285 606 1304 non
615 1273 742 1311 miuus,
752 1284 854 1315 quam
863 1272 980 1304 faciles
995 1270 1030 1305 a'c
1041 1272 1111 1303 mi-

102 1317 302 1356 sericordes,
328 1328 389 1349 nos
418 1317 617 1350 exhibentes
644 1329 751 1359 usque
778 1316 822 1348 ad
838 1318 953 1360 ipsum
989 1316 1111 1360 proelii

101 1364 271 1403 ardorem,
285 1363 415 1395 amissis
431 1363 760 1405 nostrorumpaucis,
776 1362 893 1392 occisis
902 1370 1017 1394 autem
1032 1361 1112 1393 mil-

100 1410 134 1443 le
149 1416 291 1440 tuorum
306 1419 371 1439 una
387 1417 465 1439 cum
483 1407 615 1445 duobus
632 1407 697 1438 tuis
714 1405 892 1449 nepotibus
907 1405 1110 1446 infelicibus,

102 1452 310 1485 crudelitatis
323 1460 399 1483 tuae
415 1449 569 1489 ducibus,
584 1449 744 1483 stultitiae
759 1459 834 1482 tuae
849 1450 1112 1484 exsecutoribus.

102 1497 153 1528 Te
169 1508 260 1537 vero,
277 1498 451 1539 utriusque
467 1497 643 1528 infortunii
658 1504 844 1534 auctorem,
866 1503 904 1528 ut
919 1495 1109 1527 humanum

102 1543 311 1585 sanguinem
324 1541 505 1581 sitientem,
519 1553 579 1585 per
594 1540 804 1572 Pentaurum
819 1547 918 1572 tuum
932 1553 950 1572 a
964 1541 1110 1579 secretis,

104 1589 160 1630 eui
176 1588 328 1621 vitamne
341 1585 544 1625 libertatem,
572 1597 675 1628 quam
692 1584 793 1617 nihili
807 1585 973 1623 aestimas,
999 1584 1108 1626 largiti

103 1643 234 1671 sumus,
262 1643 299 1664 ea
314 1629 507 1663 conditione
522 1655 530 1670 ‚
545 1639 582 1663 ut
596 1629 656 1661 tibi
672 1641 738 1668 vas,
766 1629 828 1661 isto
855 1631 1019 1671 sauguine
1033 1630 1109 1672 ple-

103 1687 200 1716 num,
215 1682 373 1720 reportet.
387 1674 490 1710 huius
505 1683 637 1709 nostrae
652 1676 806 1708 victoriae
820 1673 997 1706 certiorem
1024 1673 1110 1706 faci-
