1238 1888
102 72 148 105 14
403 63 603 96 D10D0R1
649 64 806 97 SICVLI

97 135 210 184 χώρας
235 133 542 183 παραθαλαττίου
568 135 668 183 μέχρι
688 137 871 177 Σικελίας·
899 136 1117 182 ὁδοποιῆσαι

100 191 135 226 δέ
163 192 226 235 τὴν
251 191 557 238 παραθαλάττιον
583 192 643 234 τῆς
659 190 822 237 Λιβύης,
860 193 961 240 μέχρι
979 195 1116 238 στηλῶν

95 244 305 296 εΠροικλεείων
316 260 324 268 ·
335 245 445 286 ναοὺς
453 259 486 280 τε
496 246 764 282 κατασκευάσαι
774 249 974 289 πολυτελεῖς
985 247 1026 290 ἓξ,
1041 247 1114 284 ‹inc›

99 305 278 338 ταλάντων
291 303 414 347 χιλίων
434 301 495 336 καὶ
513 303 754 337 πεντακοσίων
770 301 938 339 ἕκαστον·
958 302 1111 340 ἅκολοὺ-

96 361 173 401 θως
196 359 232 394 δέ
251 359 297 406 τῷ
308 356 501 404 τηλικούτῳ
511 357 623 404 στόλῳ
643 360 782 404 λιμένας
793 359 988 406 καὶνεώρια
1007 354 1119 396 καταὲ

97 415 268 450 σκευάσαι
286 416 377 449 κατά
396 413 478 453 τοὺς
496 414 703 460 ἐπικαίρους
722 415 789 449 τῶν
807 415 945 449 τόπων·
971 417 1059 462 πρὸς
1079 416 1116 452 δέ

95 470 236 511 τούτοις
252 471 386 504 πόλεων
406 469 669 514 συνοικισμοὺς,
694 468 753 504 καὶ
772 470 943 516 σωμάτων
959 485 1117 518 μεταγω-

96 527 159 573 γάς
184 529 222 561 ἐκ
248 527 308 569 τῆς
323 522 437 567 Ἀσίας
466 523 512 565 εἷς
531 524 593 567 τήν
612 521 808 571 Εὗρώπην,
837 525 898 561 καὶ
917 528 1009 562 κατά
1028 524 1117 562 τοῦ-

98 582 241 618 ναντίον
259 584 294 616 ἐκ
315 584 376 627 τῆς
393 578 566 628 Εὐρώπης
584 578 631 620 εἷς
648 577 843 623 τήνἌσίαν,
863 578 957 623 ὅπως
975 583 1036 624 τάς
1054 596 1115 628 με-

96 639 219 685 γίστας
237 636 405 684 ἠπείρους
425 638 503 677 ταῖς
521 636 725 683 ἐπιγαμίαις
752 637 811 672 καὶ
837 639 912 678 ταῖς
941 635 1114 674 οἶκειώσε-

98 707 153 729 σιν
183 691 232 734 εἷς
250 693 375 735 κοινὴν
402 692 575 738 ὁμόνοιαν
604 691 664 727 καὶ
683 693 893 739 συγγενικὴν
911 694 1036 738 φιλίαν
1054 708 1119 729 κα-

98 750 269 797 ταστήσῃ.
326 748 406 789 τοὺς
433 747 469 782 δὲ
494 748 775 796 προειρημένους
792 749 901 789 ναοὺς
918 747 987 784 ἔδει
1007 763 1118 784 κατα-

98 807 347 849 σκευασθῆναι
365 806 401 839 ἐν
410 804 512 851 Δήλῳ
533 802 758 848 καὶΔελφοῒς
767 803 1003 852 καὶΛωδώνῃ.
1025 805 1117 840 κατὰ

100 862 136 897 δὲ
154 862 216 905 τὴν
235 860 481 901 Μακεδονίαν,
502 861 538 894 ἐν
556 860 630 906 Δίῳ
647 859 711 904 μὲν
730 861 797 894 τοῦ
815 861 916 902 Διὸς,
945 863 982 895 ἕν
998 858 1118 907 Ἀμφι·

100 918 199 953 πόλει
219 916 256 952 δὲ
272 919 331 961 τῆς
354 917 602 964 Ταυροπόλου,
624 918 660 950 ἐν
670 915 804 963 Κὺῤῥῳ
824 916 860 951 δὲ
879 913 1096 961 τῆς-Ἀθηνᾶς
1109 931 1117 937 ·

101 974 228 1017 ὁμοίως
255 973 292 1008 δὲ
321 971 380 1008 καὶ
398 975 434 1007 ἐν
458 968 548 1017 ’Ῑλίῳ
568 970 697 1016 ταύτης
717 973 775 1016 τῆς
789 972 881 1013 θεᾶς
899 986 1121 1008 κατασκευα-

101 1032 238 1074 σθῆναι
264 1030 371 1071 ναὸν,
409 1027 610 1074 ὑπερβολήν
637 1029 737 1074 ἑτέρῳ
769 1028 819 1073 μή
846 1029 1118 1064 καταλείποντα.

102 1086 165 1120 τοῦ
184 1085 219 1120 δὲ
238 1086 371 1133 πατρὸς
392 1085 576 1119 Φιλίππου
594 1083 710 1129 τάφον
729 1083 906 1130 πυραμίδι
925 1084 1120 1132 παραπλή-

102 1155 180 1176 σιον
197 1141 266 1188 μιᾷ
285 1141 328 1185 τῇ
346 1141 493 1187 μεγίστῃ
515 1139 606 1173 κατά
624 1139 688 1181 τὴν
706 1140 902 1184 Αἴγυπτον,
930 1136 972 1179 ἃς
989 1142 1026 1174 ἐν
1048 1141 1122 1180 τοῖς

99 1198 189 1233 ἑπτά
209 1196 297 1237 τινὲς
313 1196 492 1243 μεγίστοις
510 1194 626 1242 ἔργοις
635 1196 937 1243 καταριθμοῦσιν.
960 1193 1119 1242 ἀναγνω-

100 1254 261 1290 σθέντων
281 1251 318 1287 δὲ
334 1253 402 1287 τῶν
419 1250 690 1296 ὑπομνημάτων,
704 1250 740 1285 οῖ
758 1250 976 1293 Μακεδόνες,
990 1252 1119 1298 καίπερ

98 1307 374 1354 ἀποδεδεγμένοι
392 1308 504 1347 καλῶς
519 1307 581 1341 τὸν
595 1303 828 1354 Ἀλέξανδρον,
855 1304 947 1353 ὅμως
966 1305 1117 1355 ὕπερόγ·

99 1379 183 1408 κους
204 1364 262 1400 καὶ
281 1364 515 1410 δυσεφίκτους
533 1363 595 1403 τάς
612 1363 782 1408 ἐπιβολάς
801 1362 960 1409 ὁρῶντες,
973 1361 1113 1409 ἔκριναν

100 1422 209 1466 μηδὲν
237 1422 304 1455 τῶν
328 1419 517 1468 εἰρημένων
543 1420 730 1454 συντελεῖν.
783 1410 986 1465 Περδίκκας
1013 1418 1049 1453 δὲ
1075 1419 1117 1453 τὸ

101 1479 165 1523 μὲν
191 1478 333 1525 πρῶτον
361 1476 443 1516 τοὺς
462 1474 676 1523 ταραχώδεις
694 1474 762 1509 τῶν
780 1475 1021 1522 στρατιωτῶν,
1056 1473 1116 1509 καὶ

101 1535 255 1578 μάλιστα
275 1531 461 1579 ἀλλοτρίως
480 1530 623 1576 ἔχοντας
641 1532 685 1566 τά
704 1531 792 1578 πρὸς
809 1527 933 1573 αὗτὸν,
959 1528 1115 1565 ἀπέκτει-

102 1604 175 1632 νεν,
214 1589 321 1632 ὄντας
346 1589 547 1637 τριάκοντα.
591 1587 680 1633 μετά
706 1586 874 1622 δὲταῦτα
894 1584 955 1622 καὶ
973 1586 1116 1622 Μελέα·

100 1659 186 1694 γρον
206 1649 241 1682 ἓν
261 1646 303 1693 τῇ
322 1646 444 1681 στάσει
463 1643 523 1680 καὶ
541 1643 712 1691 πρεσβείᾳ
731 1641 910 1689 προδότην
927 1642 1115 1690 γεγενημέ-

100 1716 161 1738 νον
179 1702 454 1747 ἐπιβαλλόμενος
472 1698 602 1741 οἰκείας
623 1699 790 1743 διαβολῆς
809 1698 869 1734 καὶ
887 1696 1109 1745 κατηγορίας,
