1238 1888
172 76 246 115 304
484 70 686 106 DIODORI
718 71 872 106 31CUL1

173 141 362 184 quidquam
377 140 471 172 vobis
489 149 557 172 erat
572 141 605 171 in
621 141 714 171 vivos
732 148 870 180 vestros,
900 143 956 184 qui
975 142 1043 174 fiori
1060 151 1179 186 potest,

172 189 290 218 utiam
308 188 341 217 iu
357 193 518 219 mortuos.
538 186 728 216 voluntarie
757 185 859 216 factos
887 195 1027 224 nostros,
1051 188 1179 220 habea-

173 231 237 264 tis?
265 232 364 263 Solus
390 230 487 261 Pluto
517 230 580 260 hoc
608 230 706 261 habet
734 231 931 272 imperium.
998 234 1034 265 Si
1065 235 1179 277 itaque

172 278 234 308 hnc
246 277 442 319 precamini,
471 276 649 306 nolumus:
671 276 698 305 si
722 274 854 313 iubetis,
877 287 944 307 non
973 280 1126 321 potestis:
1154 281 1181 310 si

171 324 282 354 minas
297 320 431 359 additis,
449 321 623 352 temerarie
652 319 773 350 facitis:
808 321 835 351 si
865 319 1011 364 denique
1038 325 1068 354 vi
1084 331 1116 354 et
1132 325 1182 357 via

171 367 254 398 beni
269 377 385 396 rursus
401 375 560 407 quaerere
590 372 767 395 mortuum
785 366 819 395 in
836 365 992 399 animum
1009 367 1180 407 inducitis,

170 413 344 443 universos
360 422 415 441 vos
432 411 526 441 vivos
542 408 710 452 perdituri
729 411 826 448 estis;
851 417 883 441 et
905 410 962 441 nbi
986 413 1093 443 aliena
1110 424 1179 444 ossa

171 457 343 498 quaeritis,
381 464 488 487 vestra
517 455 729 495 relinquetis,
772 462 967 497 vestraeque
1005 458 1182 488 invenictis

170 503 364 544 sepulturae
378 501 504 538 locum,
537 511 639 542 quem
656 511 696 531 ne
725 498 878 531 hostibus
901 500 1042 542 quidem
1058 514 1181 546 negare

169 548 331 579 solemus.

259 611 475 645 SENATUS
503 611 792 645 CATANAEUS
825 612 1085 645 TfflCflNAE.

255 680 330 713 XL.
357 680 459 712 Haud
474 682 606 712 levibus
622 679 663 712 de
678 683 786 712 causis
801 681 1051 712 Triumviratus
1066 680 1180 713 hono-

164 738 201 758 re
218 725 342 769 dignus
360 726 483 757 fuisses
499 727 675 762 iudicatus,
693 727 726 758 in
743 737 892 767 eumque
908 727 1017 757 soi-san
1043 736 1181 770 coopta-

166 780 217 803 tus
229 795 236 808 ,
268 773 331 802 nisi
360 771 452 813 apud
467 771 634 803 Senatum
655 782 715 813 per
743 781 886 814 precum
913 772 1179 808 intercessiones,

166 816 328 858 quodque
355 816 450 858 peius
466 824 524 854 est,
539 827 600 860 per
622 818 718 858 pretii
747 816 879 847 infamis
895 814 1111 854 oblationem,
1144 816 1179 848 id

167 864 298 893 efficere
313 860 506 898 studuisses,
522 861 740 892 ambitiosum
763 859 922 902 detegens
937 860 1092 892 animum
1121 870 1179 893 tu-

166 919 237 943 um,
254 917 356 948 quem
371 907 489 941 oculis,
505 905 731 937 obstinatione
761 917 829 936 non
859 906 982 943 minus,
1012 917 1115 948 quam
1131 907 1179 937 si-

167 952 354 983 mulatione
382 958 437 981 tua
473 949 631 993 deceptIS,
674 951 803 981 celasti.
863 950 931 990 Qui
961 952 1176 992 magistratus

170 998 263 1034 emit,
288 997 471 1026 necessario
487 996 650 1026 iustitiam
673 995 802 1026 vendit.
851 994 976 1026 Iniuria
1006 995 1097 1026 haud
1112 998 1178 1027 levi

172 1041 282 1072 Patres
299 1042 433 1083 patriae,
466 1048 566 1082 teque
585 1042 710 1080 ipsum,
738 1039 884 1074 affecisti,
914 1039 996 1070 dum
1026 1052 1083 1082 per
1113 1044 1179 1072 vias

168 1094 238 1117 tam
253 1094 369 1128 turpes
386 1095 485 1116 ausus
500 1097 533 1116 es
548 1087 699 1116 affectare
715 1086 810 1115 illam
829 1084 1045 1125 dignitatem.
1093 1085 1180 1117 Pro-

166 1131 307 1162 hibeant
323 1130 474 1168 Penates,
507 1130 632 1161 horum
647 1131 821 1160 moenium
852 1129 1017 1167 custodes,
1046 1141 1088 1161 ne
1103 1132 1180 1172 quis

168 1187 318 1217 unquam
336 1175 495 1210 tvibunal,
513 1175 570 1206 ubi
595 1186 770 1217 nunquam
794 1176 960 1205 iniustum
981 1183 1040 1205 aut
1062 1176 1177 1207 venale

167 1220 335 1252 iudicium
352 1221 426 1257 fuit,
442 1220 656 1257 conscendat,
673 1219 804 1251 nedum
820 1219 865 1250 ibi
882 1218 995 1250 sedeat
1017 1227 1084 1250 tam
1100 1232 1179 1251 cor-

165 1274 296 1308 ruptus,
314 1273 345 1296 ct
370 1266 513 1307 impune
532 1264 610 1295 inde
626 1273 731 1296 exeat.
760 1266 869 1295 {mmo
884 1263 1075 1295 secundum
1097 1276 1178 1296 ma·

166 1313 278 1342 iorum
301 1318 496 1342 nosti-orum
517 1309 649 1341 decreta
666 1318 699 1341 et
721 1309 954 1340 ordinationes
984 1309 1177 1342 cavendum

165 1355 337 1393 duximus,
354 1367 396 1386 ue
412 1355 579 1397 quispiam
597 1364 653 1385 tuo
670 1355 806 1397 posthae
836 1354 989 1397 exemplo
1006 1354 1177 1393 inductus.

167 1403 290 1432 iterum
306 1400 386 1431 haec
400 1401 525 1431 scelera
541 1408 670 1430 tentare
696 1398 828 1436 audeat,
843 1398 997 1441 adeoque
1020 1411 1060 1431 ex
1081 1411 1177 1432 sena-

165 1447 375 1476 tusconsulto
405 1457 472 1475 non
495 1444 598 1476 modo
613 1445 653 1475 ab
668 1445 838 1476 universis
855 1443 1040 1475 honoribus
1063 1456 1099 1475 ac
1120 1444 1177 1476 ‹li-

165 1492 349 1532 gnitatibus
365 1501 474 1520 arcere
491 1497 522 1520 te
541 1491 651 1521 visum
668 1498 726 1528 est,
743 1500 863 1521 verum
879 1489 980 1521 etiam
995 1492 1030 1520 iu
1057 1501 1176 1533 perpe-

167 1543 267 1566 tuum
286 1536 442 1566 exsilium
459 1534 634 1566 damnare.

210 1601 634 1636 ANAPHORMACHUS
677 1600 979 1634 CATANENSIS
1017 1600 1132 1643 T1131,

299 1646 591 1680 ALEXANDRO
622 1646 818 1679 PHILIPPI
849 1644 983 1679 REGlS
1000 1647 1038 1678 F.

251 1715 342 1748 XLI.
372 1715 604 1758 RidetApollo
620 1713 816 1747 Abderitam
832 1713 1088 1753 Anaxarchum,
1106 1714 1163 1756 qui
