1238 1888
155 95 227 131 278
465 89 666 123 DlODORl
700 90 857 124 SICULI

153 171 256 202 quam
278 158 578 202 Syracusanarum,
609 169 695 200 quae
722 158 821 190 rebus
838 159 961 191 nostris
987 158 1167 199 inhiantes,

151 203 301 247 quotidie
317 215 396 234 cum
413 203 579 234 mercibus
589 205 656 234 suis
672 204 886 245 lrequentant
900 212 1037 247 portum
1054 203 1167 247 Ongi-

150 260 216 287 am,
233 257 265 280 et
280 248 478 280 Saturniam
506 247 636 286 Acidis,
666 260 767 290 quam
795 248 966 280 custodiae
995 257 1072 280 tuae
1100 261 1166 280 una

152 304 231 326 cum
250 293 410 324 omnibus
426 293 571 335 publicis
587 291 763 328 reditibus,
780 293 839 335 qui
855 293 900 324 ibi
917 294 951 324 in
967 305 1088 325 manus
1105 302 1165 325 tu-

151 350 186 370 as
199 349 397 381 pervenere,
414 338 662 377 commisimus,
687 346 787 379 atque
803 337 1026 370 credidimus:
1055 339 1112 370 sed
1131 348 1166 370 tu

152 391 210 415 aut
223 382 353 414 dormis
370 383 476 414 oeulis
503 383 639 425 apertis,
667 391 724 415 aut
750 383 866 426 vigilas
893 383 1001 414 oculis
1030 385 1164 415 clausis.

151 427 307 459 Potestne
323 435 436 458 autem
453 438 521 458 nou
538 428 721 470 expergisci
737 428 920 470 quispiam,
936 428 994 469 qui
1010 440 1078 459 non
1090 427 1167 459 dor-

151 470 261 504 miat?
278 471 390 503 Trade
409 483 489 514 ergo
503 473 612 504 claves
628 473 710 503 arcis
726 481 827 514 atque
842 473 961 504 aerarii
982 473 1016 504 in
1043 484 1165 505 manus

150 517 382 558 Harmenidis,
398 524 430 547 et
446 519 520 548 veui
540 519 575 548 iu
591 517 765 548 iudicium.

211 582 522 616 CATANENSES
556 584 696 616 CURlO
705 585 729 615 N
740 586 747 615 Ι
783 581 1108 633 TETRARCHAE.

389 641 501 683 Epist.
519 641 671 672 LXXII
699 640 800 672 Libri
808 641 930 683 prt'mz.

242 697 302 729 Vl.
331 698 506 728 Virtutum
523 698 739 739 potissimum
756 697 912 727 thesauro
926 697 1085 729 securitas
1100 709 1164 741 pu-

151 744 235 775 blica
253 743 414 773 consistit.
464 742 584 773 Nostra
599 742 680 773 haec
705 741 916 773 consuetudo
931 741 1022 773 haud
1038 749 1098 780 est,
1128 750 1164 774 ut

151 790 408 819 accumulemus
423 798 514 829 opes.
547 795 582 818 ut
600 785 741 830 provide
758 798 817 818 nos
832 785 946 825 (loces,
970 786 1060 818 unde¹
1075 788 1164 819 mili-

151 834 251 871 tibus,
269 834 450 874 ingruente
467 834 673 870 necessitate,
704 830 870 874 stipendia
885 831 1160 875 suppeditemus3

149 878 208 909 seil
237 889 319 909 auro
336 888 402 914 eos,
435 885 533 917 atque
562 884 702 919 argento
729 878 859 918 captivo
887 887 1157 915 remuneramur,

149 931 206 953 aut
228 925 422 957 vulnerum,
443 921 668 958 victoriarum,
686 921 840 963 praedae,
856 923 1043 962 spoliorum
1061 921 1163 952 hosti-

126 991 130 995 ,
150 970 248 1000 lium,
265 977 296 998 et
312 966 446 996 lionoris
463 977 666 997 coronarum
682 966 859 1008 participes
875 966 1029 998 facimus·
1075 966 1162 997 Haec

149 1014 303 1043 ninnium
321 1011 564 1052 gloriosissima
580 1021 709 1041 merces
727 1019 787 1048 est,
803 1022 906 1051 quam
929 1011 1093 1043 militibus
1109 1019 1161 1042 at-

150 1069 215 1098 que
231 1057 325 1087 sociis
343 1057 463 1087 uostris
480 1054 676 1086 distribuere
691 1055 853 1086 solemus.
899 1054 997 1087 Vale.

150 1121 367 1156 SENATUS
385 1121 733 1154 CATANENSlUM
753 1120 1014 1159 ISTRIADAE,
1047 1122 1161 1155 DUCI

478 1166 839 1199 LEONTINORUM.

427 1223 540 1267 Epist.
557 1222 621 1254 Xe
650 1223 752 1256 Libri
758 1224 882 1266 primt.

237 1279 316 1312 VH.
345 1280 434 1311 Moti
463 1278 619 1322 precibus
636 1280 701 1311 tuis
723 1279 928 1322 potentibus,
957 1287 988 1312 et
1015 1281 1159 1313 amicitia

146 1327 259 1362 veteri,
275 1326 429 1368 inprimis
445 1333 559 1355 autem
593 1324 773 1366 virtutibus
802 1324 878 1364 tuis,
907 1326 1106 1357 clementiae
1121 1336 1158 1357 ac

147 1372 270 1411 gratiae
287 1371 532 1408 instrumentis,
550 1370 656 1400 vitam
682 1381 747 1401 una
777 1380 857 1401 cum
878 1370 1030 1401 libertate
1045 1371 1156 1402 ‹lona-

148 1416 258 1447 vimus
274 1415 421 1458 Lupulo,
439 1414 550 1457 nepoti
567 1422 636 1452 tuo,
653 1416 747 1445 cuius
775 1425 816 1445 ex
845 1426 902 1446 ore
930 1426 1026 1446 canes
1055 1416 1158 1447 nostri

149 1459 355 1492 Catanenses
371 1458 620 1490 nobilissimam
637 1460 730 1490 illam
741 1457 903 1502 praedam
920 1462 1074 1503 eripuere
1092 1462 1158 1492 vir·

147 1506 269 1546 ginum
285 1504 536 1541 Assoi-inarum,
555 1514 640 1545 quae
655 1505 824 1547 templum
841 1503 972 1536 Cereris
987 1505 1156 1548 petebant,

148 1550 201 1581 cui
218 1550 258 1581 ab
274 1550 414 1581 infautia
428 1556 571 1581 sacratae
587 1549 732 1580 fuerant.
793 1549 837 1580 Et
863 1551 1022 1591 quoniam
1038 1551 1097 1587 tui,
1114 1549 1156 1580 ob

147 1593 379 1626 venerandam
404 1601 625 1631 senectutem,
657 1595 728 1625 eius
755 1602 869 1626 autem
896 1594 938 1624 ob
967 1595 1156 1627 iuvenilem

145 1647 303 1677 aetatem,
318 1639 361 1671 ad
380 1640 454 1670 vitia
470 1640 669 1681 proclivem,
687 1651 747 1670 nos
770 1639 871 1670 etiam
887 1640 1035 1677 miseret,
1050 1641 1155 1671 resti-

146 1692 202 1715 tue
217 1685 317 1716 illum
333 1686 431 1715 matri
447 1695 539 1722 suae,
556 1694 641 1725 quae
656 1691 733 1715 ante
763 1684 924 1715 meritum
941 1684 1056 1715 mortis
1070 1696 1155 1727 sup-

145 1729 287 1768 plicium
304 1730 372 1761 iam
387 1730 526 1760 miseras
542 1728 604 1771 ipsi
622 1728 699 1759 facit
726 1727 911 1770 exsequias.
973 1730 1009 1761 Si
1025 1740 1104 1761 eum
1121 1729 1154 1761 in
