1238 1888
355 84 740 120 EpisTOLAE.
979 88 1048 124 317

42 154 180 189 brachia
196 163 336 187 centum
352 167 464 187 annua
493 165 531 186 ac
545 153 702 184 cubitalia
713 177 720 190 ,
750 154 881 196 cypella
897 161 1043 194 quatuor

42 211 174 232 annuos
196 199 316 231 hordei
347 199 481 232 modios
501 206 647 242 quatuor
663 198 783 237 millia,
812 197 1052 229 frumentini:

43 246 164 283 millia,
192 246 347 287 generosi
376 247 446 276 vini
468 244 588 276 veteris
615 243 737 274 sextari
747 254 778 273 πε
806 243 961 279 totidem,
989 241 1052 274 olei

42 291 157 321 selecti
171 288 381 321 Hadranitici
397 290 555 322 sextarios
570 288 678 324 mille,
688 298 761 318 cere
768 299 804 319 os
824 287 941 329 viginti
953 288 1051 328 quin-

40 346 121 377 que,
136 336 279 366 tentoria
293 334 373 372 duo,
391 346 494 376 equos
510 345 577 371 sex,
605 334 787 374 mulosque
814 331 945 369 decem,
976 342 1052 362 mo-

42 381 164 411 lossios
178 390 276 411 canes
291 380 469 411 bellicosos
485 387 562 415 tres,
580 389 655 409 vasa
670 385 829 419 argentea
847 376 976 410 decem.
992 388 1052 418 pa-

42 425 130 455 tinas
145 423 286 456 totidem
302 423 418 467 pondo
449 425 634 465 sexaginta,
649 422 830 465 scyphum,
863 429 894 452 et
920 421 1053 451 cantha-

43 480 134 504 rum.
152 477 184 500 et
198 468 326 512 phialas
343 478 530 511 argenteas,
547 476 676 498 auratas
693 475 725 498 et
741 475 926 509 gemmatas
942 465 1053 508 ponde

43 513 187 550 XXXV,
211 522 387 556 argenteos
401 521 513 545 nostra
530 524 626 544 cusos
643 511 752 554 effigie
767 513 920 553 quinque
942 511 1053 550 millia,

44 569 232 600 aureosque
247 559 387 590 totidem
404 571 466 601 pro
494 559 624 589 strenis.
672 557 801 599 Hyloni
831 567 953 587 aureus
981 556 1054 586 bal-

45 603 144 635 theus
159 605 337 646 effigiatus,
356 603 624 646 quadrigemmis
640 602 788 633 annulus
804 612 938 637 aureus,
952 600 1055 630 libra-

44 649 87 679 lis
110 656 246 690 torques
274 656 467 690 gemmatus
496 648 677 683 auferatur,
708 647 821 689 eisque
853 644 1056 677 Camestrius

45 693 236 730 decoretur,
254 695 503 735 insignitusque
518 693 560 723 sit
574 693 723 722 inaurata
739 690 871 734 capside
891 690 1058 731 chirogra-

45 738 147 781 phata
162 738 250 776 scite,
267 738 400 769 duabus
423 736 644 770 Herculeanis
672 738 808 773 lanceis,
838 736 986 766 oculeata
1004 735 1058 765 lo—

47 785 116 814 rica
132 794 214 814 auro
229 783 380 819 limbata,
397 791 430 814 et
444 782 628 814 subarmali
656 783 762 813 serico
781 782 910 811 murice
924 791 1057 822 purpu-

44 835 130 859 rato.
180 828 313 859 Dentur
329 828 408 859 huic
424 838 559 869 quoque
587 827 704 858 villosa
734 826 868 856 cuculla
896 824 964 855 duo
980 836 1057 855 cum

44 883 137 914 sago,
153 872 344 915 chlamyde,
361 880 392 903 et
406 875 473 904 lato
488 874 594 903 clavo.
622 872 681 902 His
695 870 934 913 supet-adiicies
944 868 984 899 ad
1001 869 1059 900 de-

45 928 159 948 corem
182 919 283 961 pacis,
300 925 342 948 etv
360 918 557 954 maiestatis,
584 924 701 957 togam
728 927 810 946 auro
838 916 1056 946 fimbriatam.

45 962 142 1003 Quae
157 964 273 993 omnia
288 964 314 993 si
324 970 495 993 tantorum
510 961 713 993 meritorum
729 961 847 992 orbem
862 971 931 991 non
963 970 1061 991 com-

45 1009 155 1048 plent,
170 1015 284 1038 nostra
298 1008 535 1038 munificentia
552 1006 694 1037 feliciori
716 1008 831 1037 omine
859 1005 1060 1047 ampliorem

46 1053 216 1083 circulum
231 1051 391 1083 intendit.

273 1116 584 1151 CATANENSES
613 1117 837 1151 PLATONI.

138 1184 230 1217 LVI.
259 1184 380 1217 Salvus
397 1186 448 1217 hic
463 1187 530 1216 iam
545 1187 634 1217 inter
654 1197 713 1217 nos
735 1192 886 1216 versatur
907 1183 985 1221 Dio,
999 1183 1061 1215 sub

47 1240 106 1263 tua
115 1239 299 1273 nostraque
311 1230 390 1269 fide,
406 1240 437 1262 et
446 1232 549 1262 armis
560 1230 711 1268 defensa,
721 1238 752 1261 et
759 1231 874 1261 animo
885 1228 1060 1260 custodita.

48 1276 262 1308 Archontem
277 1287 356 1306 eum
371 1277 576 1308 creavimus:
592 1287 629 1307 ea
643 1273 733 1318 apud
748 1286 808 1306 uos
831 1273 976 1317 dignitas
997 1285 1060 1304 su-

46 1331 165 1364 prema
180 1328 239 1360 est,
253 1321 325 1363 ipso
340 1333 409 1352 nou
430 1321 583 1352 inferior.
636 1321 712 1359 Ille,
729 1320 822 1361 quod
849 1332 868 1350 a
895 1319 1063 1362 Dionysio

47 1376 118 1397 non
130 1366 233 1407 longe
247 1367 351 1405 abest,
370 1367 484 1397 omnia
502 1373 572 1397 tuta
589 1367 696 1403 timet,
712 1375 913 1406 semperque
937 1364 1062 1395 vicinas

49 1410 125 1450 sibi,
141 1411 248 1442 immo
263 1411 462 1453 ingruentes
479 1412 614 1453 tyranni
627 1410 688 1442 sibi
703 1409 1061 1451 insidiasimaginatur,

47 1466 130 1497 quas
145 1455 234 1486 inter
248 1467 360 1497 neque
376 1457 446 1499 ipse
461 1466 577 1486 secure
596 1454 736 1486 dormis.
776 1452 955 1485 Persuasio
983 1463 1056 1484 sae-

49 1501 134 1542 pius,
150 1511 254 1541 quam
269 1511 322 1531 res
337 1501 405 1543 ipsa
421 1508 521 1532 nocet
538 1500 722 1538 interdum,
739 1507 770 1530 et
783 1506 896 1531 necat:
912 1509 972 1529 nos
987 1509 1064 1540 per-

48 1555 171 1597 sonam
185 1546 275 1578 Queri
290 1546 461 1585 novimus,
484 1556 645 1578 securum
663 1544 807 1577 reddere
822 1551 966 1583 metum,
995 1554 1062 1574 non

49 1598 148 1623 Item·

272 1657 431 1691 CATAN
438 1657 584 1691 ENSES
612 1657 835 1691 PLATONI.

139 1725 252 1759 LVII.
282 1727 401 1759 Crater
415 1726 585 1758 Aetnaeus
612 1728 648 1758 in
664 1727 813 1758 vomitus
836 1737 913 1758 suos
939 1727 1064 1764 erupit.
