1238 1888
399 66 781 106 EPISTO'LAE.
1023 80 1096 115 315

83 144 119 175 in
133 151 364 174 mo-nccensus
379 143 598 174 inexstinctus
613 153 642 172 ai
651 139 719 172 det.
747 159 791 165 —
805 158 849 164 —
864 159 906 165 —
932 141 1019 184 Quia
1034 154 1097 185 ego

83 187 172 226 volo,
189 194 226 218 tu
241 199 309 218 non
325 188 392 226 vis,
384 200 390 207 ·
413 197 523 228 neque
538 188 657 217 misera
675 197 737 228 ego
749 199 767 217 a
781 193 813 218 te
826 187 997 219 abstinere
1012 189 1094 226 scio,

83 243 193 274 neque
207 233 235 263 si
250 233 367 269 sciam,
382 233 524 275 possim:
541 233 697 263 voluutas
708 230 800 262 enim
818 243 891 263 mea
907 245 922 263 a
939 240 997 264 tuo
1011 244 1096 264 non-

82 278 171 309 velle
184 277 291 320 magis
310 277 497 310 voluntaria
512 275 677 314 redditur,
694 277 869 319 magisque
887 278 1003 314 vivax3
1031 279 1094 309 sic-

81 323 129 354 uti
144 330 245 353 tuum
261 322 444 353 non-velle
460 334 476 352 a
491 332 570 353 meu
584 322 851 353 nimium-velle.
897 319 1094 354 Alcibiades

79 375 235 398 mortuus
251 368 285 398 in
300 374 506 410 perpetuum
515 375 600 398 vnvnt
613 378 716 410 penes
733 378 787 398 me
803 378 863 409 per
877 367 979 398 fidem
996 368 1093 399 illam

79 413 313 454 coniugalem.
330 412 422 454 quia,
438 411 632 444 infelicibus
648 411 813 453 auspiciis,
829 411 870 443 ad
885 423 1001 455 preces
1020 420 1092 444 tuas

79 469 140 488 nos
150 458 335 494 coniunxit,
347 470 363 488 a
371 465 402 488 te
413 467 478 488 una
487 468 565 488 cum
575 468 690 488 amore
701 458 929 488 interemtam.
942 457 1092 488 Athenas

78 502 196 532 venisti
212 502 283 544 Leg
273 510 360 533 atus
376 500 630 540 Catanensium,
654 502 784 543 fuitque
800 501 957 539 dubium,
973 510 1092 533 utrum

77 548 214 589 linguae
230 548 337 589 magis
353 545 551 582 dulcedine,
567 559 606 578 an
624 547 693 578 mis
708 546 976 598 pulchritudine,
1005 546 1091 577 dum

76 591 237 623 mandata
266 592 417 634 exponis,
445 593 574 622 animas
608 592 771 633 lapueris,
800 602 856 622 me
884 599 996 623 autem
1029 591 1091 622 hac

75 637 146 667 sola
156 637 310 679 rapuisti.
321 636 470 668 Animus
480 648 587 674 meus,
597 637 654 678 qui
666 636 782 667 crebio
791 636 880 673 alias,
904 644 937 667 et
951 637 986 667 in
996 648 1091 679 piae-

75 682 194 718 sentia‚
210 692 277 713 una
293 693 374 713 cum
390 681 481 712 hisce
496 682 614 720 literis,
630 681 673 712 ad
690 689 721 712 te
737 683 892 719 excurrit,
908 682 1087 712 meliorem

75 727 178 757 totius
192 728 259 757 mei
275 728 466 770 systematis
482 736 614 769 partem
641 737 758 757 secum
774 726 857 757 fert:
884 726 978 757 brevi
1006 728 1090 757 reli-

76 782 182 812 quam
198 779 363 813 exspecta.
411 770 446 801 Si
467 773 580 803 venire
596 782 714 807 cessaS,
730 783 863 802 veneno
889 771 972 802 mihi
989 783 1087 802 mor-

72 823 143 846 tem
158 817 361 854 accelerabo‚
378 824 566 848 extremam
582 827 726 858 eamque
755 817 977 848 certissimam
1009 819 1085 848 vul-

73 859 214 892 neribus
229 861 355 892 amoris
370 859 589 899 medicinam,
605 872 810 902 supremum
825 861 1017 893 infelicibus
1032 873 1089 893 xe-

73 905 223 947 fugfflm,
246 906 324 937 licet
338 911 411 937 'eam
427 904 489 936 sibi
507 906 586 948 ipsis
602 909 657 938 vel
673 913 826 948 optantes
841 909 1001 948 consequi
1031 907 1086 938 Dii

71 959 258 991 nequeant.
308 951 468 992 Exspecta
485 951 652 991 igiturme
667 950 824 982 umbram
841 950 955 982 denno
971 959 1087 982 tecum

71 995 108 1026 iu
126 995 250 1037 Elysiis
279 995 458 1026 Catanaeis
487 997 671 1034 victuram3
698 995 726 1026 si
756 995 861 1027 modo
888 1007 1010 1027 verum
1028 1004 1087 1034 est,

72 1039 204 1072 animas
221 1049 297 1083 post
310 1048 458 1070 mortem
474 1040 601 1072 iterum
616 1040 651 1071 in
666 1040 918 1082 sempiternum
933 1041 1058 1072 vivere.

73 1127 280 1161 LIBURNO
294 1128 605 1163 DEXTRATORI
626 1129 922 1172 CETERISQUE
940 1131 1088 1163 DELA-

117 1173 336 1213 TORIBUS,
371 1174 434 1206 AC
462 1174 787 1206 ELEUTHRIONI
821 1174 1042 1213 SCURRAE,

175 1216 471 1261 CETERISQUE
514 1219 764 1251 PALATINIS
803 1218 990 1252 PARASI-

232 1264 327 1304 TIS,
356 1263 553 1297 ARCHON
582 1263 943 1298 CATANENSIUM.

299 1372 301 1374 Ι
347 1331 461 1375 Epzst.
477 1331 562 1363 XII
589 1330 692 1363 Libri
708 1333 827 1365 tertii.

165 1399 260 1431 LIV.
290 1399 328 1431 Si
343 1398 632 1437 Lacedaemoniis,
660 1410 698 1431 ac
726 1400 913 1443 Syracusiis
927 1418 1027 1424 —-
1042 1419 1086 1426 --

72 1454 193 1475 secum
210 1444 246 1474 in
259 1444 360 1475 bellis
388 1443 568 1476 transferre
584 1445 675 1481 licet,
703 1456 787 1476 num
811 1444 985 1477 Catanaeis
1013 1447 1085 1478 sine

71 1487 308 1521 erubescentia
333 1507 436 1513 ——
451 1506 495 1512 —-
510 1506 553 1513 —-
594 1491 688 1520 Inter
715 1490 820 1532 Orgia
859 1489 962 1521 sobrii
990 1492 1084 1523 casti-

71 1544 141 1575 que
155 1544 287 1569 sumus,
303 1534 486 1565 Trieterica
504 1532 626 1566 Libero
641 1535 738 1576 patri,
754 1542 788 1566 et
803 1535 893 1567 Deae
916 1533 1085 1568 voracita-

73 1579 110 1617 ti,
126 1579 250 1609 nostris
265 1577 449 1611 Penatibus
466 1580 612 1621 ignotae,
628 1577 832 1611 cuidelubra
841 1581 1086 1620 construxistis,

72 1632 138 1654 nec
152 1623 222 1654 ulla
239 1622 359 1655 damus
374 1622 549 1657 libamina.
597 1624 727 1666 Quarto
748 1625 903 1665 vicimus,
925 1624 952 1656 si
966 1626 1086 1667 quinto

72 1670 259 1700 surrecturi
287 1667 457 1701 cedimus.
504 1667 538 1698 A
551 1668 627 1700 Diis
654 1669 877 1701 bellatoribus
901 1681 966 1712 pro
987 1670 1086 1702 nobis

72 1720 222 1754 patratae
238 1714 398 1746 victoriae
413 1714 561 1746 facinora
577 1713 738 1756 tripodes,
769 1714 987 1754 candelabra,
1002 1717 1070 1758 pati
