1238 1888
388 46 764 81 EPISTOLAE.
1021 52 1093 89 287

79 129 166 160 quae
183 125 303 149 cuncta
321 129 355 148 in
375 116 547 148 hastarum
582 115 800 147 mucronibus
829 116 1093 158 gladiorumque

77 162 211 195 aciebus
226 169 412 206 portamus.
461 160 515 193 Ad
544 162 654 192 minas
682 169 755 192 tuas
771 161 976 203 respondere
1004 162 1092 193 nihil

77 209 205 247 attinet,
232 219 318 249 quae
340 218 462 250 pueros
487 206 649 244 territent,
678 218 746 237 uon
775 206 943 245 homines,
967 217 1092 248 eosque

75 253 177 284 viros.
224 251 432 284 Audivimus
466 250 582 289 modo,
600 251 701 292 idque
719 262 755 282 ex
774 259 804 282 te
820 253 905 294 ipse,
933 251 1104 283 nondum'.

73 299 241 329 sensimus
257 308 433 328 armorum
449 304 587 327 tuorum
604 296 810 339 potentiam:
839 307 898 327 nos
917 303 948 327 te
963 307 1089 339 exspe-

74 349 222 383 ctamus;
239 351 274 374 tu
289 350 403 374 autem
419 350 529 373 certus
548 342 604 379 sis,
621 340 676 372 ubi
691 341 781 384 apud
798 349 828 372 te
843 340 930 372 nihil
941 342 1090 373 iuverint

75 388 180 418 iustae
196 388 439 421 excusationes,
456 397 493 417 ac
509 388 665 423 rationes,
697 387 840 417 iustitiae
868 385 1005 419 tandem
1022 387 1089 417 mi-

74 433 195 463 nisu-os
223 432 356 474 gladios
385 439 515 463 nostros
555 439 791 474 amputaturos
820 442 960 463 omnem
991 432 1084 462 caln-

73 487 216 508 suniam.

117 563 362 598 CATANAEI
393 565 666 643 ΙΛΕΟὶέἷὲῧιῐβ,
697 566 756 597 ΕΤ
792 565 1041 598 MEGAREN-

504 629 508 638 ι
611 618 647 643 ὸ.

348 679 463 722 Epist.
480 680 500 711 Ι
532 678 629 711 Libri
643 679 797 710 secundi.

161 744 291 778 XVIII.
322 744 503 783 Promissa,
533 759 618 789 quae
646 747 777 789 saepius
809 747 903 778 uobis
930 753 1082 789 tempore

74 792 159 834 pacis
182 790 332 830 dedistis,
360 803 516 834 quaeque
534 800 571 823 ut
597 793 691 823 amici
722 793 871 823 nominis
899 794 1015 830 nostri,
1044 803 1080 823 ac

73 837 101 867 vi
116 837 279 868 societatis
295 844 436 873 nostrae,
454 836 548 869 nobis
563 837 664 869 etiam
680 836 820 874 debetis,
836 848 939 875 nuuc,
955 845 993 868 ut
1007 847 1082 868 cer-

83 892 102 912 o
118 879 257 923 quidem
267 880 363 913 nobis
372 881 628 925 peunademus,
646 882 861 924 praestabitis,
879 893 956 912 cnm
972 881 1082 912 omni-

69 937 130 958 ous
159 926 462 970 Syracusaumum,
490 938 676 969 conumque
705 927 957 958 foedelatorum
979 926 1080 978 copiis

68 969 300 1009 obsideamur,
317 979 349 1002 et
363 970 626 1003 Atheniensium
642 979 890 1014 exspectemus.
939 972 1018 1002 Dii
1012 984 1081 1003 un-

66 1017 237 1053 mortales,
254 1017 312 1058 qui
327 1018 455 1048 animos
472 1017 588 1048 nobis
583 1026 727 1048 invictos
738 1015 873 1054 (ledele,
890 1027 980 1047 arma
998 1028 1079 1058 quo-

66 1073 132 1103 que
147 1060 426 1104 suppeditabunt,
456 1062 580 1103 quibus
610 1062 742 1093 hostem
761 1062 906 1099 vincere,
935 1064 1006 1093 eive
1021 1073 1078 1092 re—

64 1108 178 1137 sistere
206 1106 326 1138 saltem
346 1107 525 1149 possimus,
554 1115 585 1138 et
600 1108 697 1142 vires,
726 1108 857 1148 quasin
888 1113 996 1138 vestra
1018 1117 1074 1138 ex-

65 1152 154 1194 perti
170 1151 248 1182 estis
263 1150 474 1183 defensione.
520 1150 661 1184 Reddite
690 1151 786 1182 nobis
808 1150 996 1183 dimidium
1011 1152 1077 1183 sal-

67 1204 135 1227 tem
152 1197 248 1227 istius
266 1205 488 1234 commeatus»,
519 1208 621 1238 quem
651 1195 808 1228 defensor
825 1204 944 1233 vester,
973 1208 1078 1238 quem

67 1241 160 1272 vobis
176 1242 345 1278 misimus,
364 1243 460 1273 vestri
477 1252 571 1273 causa
589 1243 762 1278 absumsit,
792 1253 826 1272 ac
846 1242 965 1272 mittite
981 1241 1078 1272 nobis

66 1286 143 1317 11105
158 1285 290 1329 pedites
307 1294 338 1317 et
357 1287 496 1328 equites,
513 1298 596 1328 quos
613 1286 652 1318 ab
671 1286 820 1318 hostibus
837 1286 962 1325 vesu-is,
978 1295 1077 1329 atque

67 1330 149 1362 adeo
166 1344 181 1362 a
198 1342 271 1362 moi
275 1339 316 1368 te,
335 1339 428 1362 nosti
432 1342 469 1362 οι
472 1343 529 1363 um
559 1333 733 1375 sanguiue,
752 1333 994 1374 οορίευιιιηψιε
1017 1343 1079 1362 no-

66 1383 212 1407 stiaxum
228 1384 354 1407 ῑειιΗοιε
380 1377 608 1408 11ὺειᾛπνιηιιι5
657 1376 831 1417 Quoniam
857 1388 933 1407 xeno
962 1378 1078 1408 Teiias

69 1422 189 1460 amnis,
205 1432 240 1452 ac
258 1421 327 1451 viae
342 1421 499 1464 publicae
521 1422 646 1464 pluviis
678 1422 773 1454 valde
795 1420 947 1453 difficiles
975 1421 1078 1453 factae

70 1473 159 1503 sunt,
187 1467 352 1497 mittimus
383 1467 476 1498 vobis
507 1466 694 1498 Nardinam
723 1475 755 1498 et
786 1466 1079 1498 Adramedontem

70 1509 306 1547 Centuriones,
337 1522 415 1541 cum
433 1511 565 1543 duabus
589 1511 731 1543 navibus
747 1512 921 1549 onerariis,
951 1520 982 1543 et
996 1510 1078 1543 dua-

69 1555 130 1586 bus
147 1556 462 1598 quinqueremiims,
481 1555 604 1588 iisdem
622 1558 700 1595 illis,
726 1568 812 1598 quae
828 1556 922 1588 vobis
950 1557 1076 1588 milites

69 1608 199 1632 nostros
216 1601 348 1644 saepius
365 1602 399 1632 in
416 1600 588 1633 auxilium
605 1609 829 1634 transvexere.
