1238 1888
395 93 775 130 EPISTOLAE.
1023 97 1095 132 323

80 163 220 198 dedere:
247 164 317 196 Nos
345 177 440 198 arma
462 163 670 208 Syracusana
694 162 857 199 vicimus,
887 174 970 194 auro
993 171 1094 204 atque

80 218 218 253 argento
240 209 364 242 iisdem
384 213 417 242 in
441 209 672 252 captivitatem
688 220 704 238 a
721 207 816 238 uobis
832 217 1006 239 concesso:
1035 220 1096 250 pa-

78 266 151 286 cem
170 263 293 292 autem,
309 266 413 297 quam
427 255 531 296 longo
547 253 612 297 ipsi
627 251 801 294 dubioque
814 251 905 284 bello
922 264 1027 295 quam
1041 263 1092 283 ca—

76 300 208 332 rissime
230 312 247 331 a
271 300 366 331 nobis
388 306 562 337 emerunt,
590 297 728 329 arbitrio
748 297 905 328 fortunae
928 299 1094 329 nolumus

76 346 260 376 remittere.
302 345 472 378 Miserum
486 354 564 375 sane
580 342 741 374 victoriae
757 352 876 383 genus,
908 341 1001 384 quod
1017 350 1094 373 tur-

76 390 166 432 piter
181 388 345 428 obtineas,
360 397 398 420 ut
412 399 546 431 semper
554 388 588 418 in
611 388 714 419 armis
743 397 812 418 esse
827 389 967 430 cogaris,
983 394 1092 424 metu,

76 445 119 465 ne
136 432 275 475 quando
301 434 469 465 rebellent
496 432 666 475 subiugati
693 431 821 471 hoste53
852 428 1091 475 praeterquam

77 477 169 520 quod
184 479 308 510 iniusta
337 485 437 520 atque
467 479 571 520 impia
599 488 651 508 res
681 483 737 515 est,
753 479 906 520 propriae
927 475 1092 512 libertatis

78 523 258 554 tutricibus
274 523 433 555 manibus
451 523 598 566 diripere
627 522 788 554 alienam.

172 589 260 622 Cum
276 591 417 622 Crocius
432 589 562 630 Pollae,
578 588 828 621 Leontinorum
849 588 929 629 dux,
957 589 1092 631 praeci-

78 635 154 678 piti,
170 642 268 677 atque
286 637 429 668 attonito
444 633 543 666 vaide
574 633 715 669 calamo.
742 643 898 666 senatum
927 632 1096 665 Catanen-

80 690 154 711 sem
175 691 236 723 per
263 682 380 712 literas
410 678 596 721 aliquando
622 681 822 717 monuisset,
853 687 890 710 ut
918 678 1024 722 parati
1051 678 1092 709 ad

80 735 173 756 arma
202 734 328 765 essent,
358 725 568 768 Dionysium
603 725 696 755 enim
723 724 884 755 infestum
921 723 1094 755 Catanen-

77 770 164 803 sium
193 771 386 808 inimicum,
429 770 720 812 Syracusanorum
755 780 870 811 regem
911 769 1094 800 salutatum

80 825 117 846 ac
133 816 399 857 proclamatum:
415 823 596 851 senatore5‚
612 813 698 844 nihil
709 815 871 845 commoti
888 815 935 844 rei
950 814 1098 844 novitate

81 867 139 890 aut
154 861 285 898 nuntio,
302 867 471 891 contemta
487 859 591 890 nimia
620 858 782 890 Pollionis
806 859 984 895 anxietate,
1003 858 1097 888 Bono

81 905 197 935 animo
212 914 282 936 esse
299 903 516 947 respondent,
533 913 652 934 verum
670 902 807 941 diceret,
829 914 914 933 num
945 910 976 933 et
992 902 1096 933 homo

82 949 244 980 salutatus
265 957 362 980 esset.

173 1015 254 1046 Post
267 1016 370 1057 longa
386 1026 423 1046 ac
438 1016 699 1056 sanguinolenta
727 1015 816 1046 bella
847 1016 994 1057 superati
1022 1022 1098 1045 tan-

83 1060 161 1093 dem
177 1059 393 1098 catanenses,
423 1071 502 1090 cum
517 1060 720 1102 pertinaciae
736 1070 772 1090 ac
801 1060 997 1091 temeritatis
1016 1060 1097 1090 insi-

79 1105 296 1136 mularentur
309 1118 326 1136 a
344 1105 501 1136 Petronio
530 1113 562 1135 et
590 1103 742 1135 Publicio
771 1103 902 1146 Caspio,
932 1106 1097 1135 exercitu>

81 1149 283 1193 Syracusani
300 1158 329 1180 et
341 1149 400 1181 Cai
409 1149 677 1190 thaginieusium
693 1148 847 1187 ducibus,
870 1160 983 1180 coram
995 1150 1100 1179 victo-

79 1205 115 1225 re
131 1193 297 1234 Hierone3
315 1195 410 1236 quasi
438 1194 558 1225 melius
588 1194 843 1232 consuluissent,
873 1194 898 1225 si
928 1195 1098 1236 supplices

81 1238 211 1278 cedere,
228 1251 338 1281 neque
354 1239 457 1271 armis
474 1246 567 1270 tanto
584 1246 721 1280 tamque
731 1239 860 1281 potenti
871 1239 944 1280 regi
959 1239 1097 1269 resiste-

81 1295 117 1315 re
139 1284 173 1314 in
195 1285 353 1316 animum
382 1282 595 1316 induxissent
629 1294 741 1321 suum,
766 1283 903 1325 quando
931 1283 1096 1314 nimirum

82 1339 151 1360 non
165 1329 307 1360 fuissent
324 1329 422 1367 caesi,
439 1329 548 1367 occisi,
564 1339 601 1359 ac
616 1329 712 1366 victi3
728 1327 894 1370 intrepide
904 1327 1094 1370 responde-

83 1381 176 1412 runt,
197 1382 374 1417 praesente
403 1373 523 1404 eodem
552 1384 652 1414 rege:
668 1371 766 1404 Vires
781 1384 817 1404 ac
833 1373 966 1404 fortuna
995 1371 1098 1404 Cata-

82 1419 245 1450 nensium
258 1426 432 1461 superatae
447 1425 536 1454 sunt,
552 1426 585 1449 at
600 1419 663 1461 ipsi
687 1417 889 1449 Catanenses
916 1430 932 1448 a
960 1418 1099 1448 nemine

81 1474 234 1505 unquam
250 1464 339 1495 victi.
387 1463 441 1494 Ad
453 1474 536 1505 quae
551 1474 632 1494 mox
648 1463 769 1498 Hiero:
786 1463 829 1494 Et
845 1462 1012 1504 quidnam
1027 1473 1099 1493 am-

82 1507 171 1550 plius
186 1507 352 1546 diceretis,
368 1510 394 1539 si
411 1509 615 1539 exstitissetis
632 1509 774 1542 victores
785 1505 801 1538 ’ἶ
831 1507 1099 1550 ΔΒεεςιροιτιι1εινω]ῑ

84 1554 152 1584 illi:
181 1553 283 1594 Quod
298 1554 550 1595 magnanimOS,
568 1553 764 1591 clementes,
781 1563 890 1594 neque
904 1552 1004 1583 rebus
1019 1563 1101 1595 pro-

81 1598 190 1641 speris
205 1597 448 1640 superbientes,
464 1599 608 1629 victores
623 1604 790 1641 argueret.

173 1665 333 1708 Quodam
348 1673 502 1708 tempore
517 1676 597 1697 cum
625 1663 827 1708 Syracusani
846 1663 1008 1706 gravibus
1036 1664 1096 1696 in—

83 1709 283 1745 festarentur
295 1721 333 1742 ac
349 1709 611 1743 debilitarentur
624 1710 765 1747 morbis,
782 1711 850 1741 sive
864 1708 906 1741 ab
931 1710 1102 1752 intempe-

769 1777 830 1808 Χ)
