1238 1888
402 83 781 117 EPISTOLAE.
1020 90 1090 125 321

79 167 150 198 ⁴que
163 165 281 186 rerum
295 153 493 185 bellicarum
522 153 620 195 periti
636 152 757 190 forent,
785 160 982 195 tropaeum,
1000 152 1090 194 quod

84 213 119 231 m
140 211 219 242 agro
243 206 359 230 nostro
381 199 602 236 catanenses,
630 197 670 228 ab
685 196 950 229 Atheniensibus
973 196 1091 235 adiuti,

83 245 298 288 plantarunt,
327 251 502 275 aeternum
524 243 714 273 statuissent
729 242 942 284 Syracusani.
985 241 1092 273 Probe

81 291 142 320 scit
158 288 273 320 Sicilia
296 289 451 319 universa
463 310 472 325 ,
504 298 608 328 quem
629 288 660 317 in
683 287 825 318 modum
842 287 987 317 alterum
1003 284 1090 317 illud

79 341 258 376 tropaeum
278 333 312 364 in
328 333 380 364 via
396 332 555 363 Heloriua
573 340 724 363 erectum
739 332 853 363 fuerit.
903 330 1093 362 Gloriosio-

79 389 155 409 rem
170 386 257 409 certe
272 385 411 408 centum
425 378 594 417 sexaginta
612 377 714 408 nostri
729 376 762 407 in
777 377 907 418 proelio
923 376 1023 407 occisi
1037 386 1092 407 se-

80 424 258 466 pulturam
279 423 367 453 nacti
383 429 479 459 sunt,
508 432 610 462 quam
625 421 737 452 hostes
753 422 935 452 victoriam.
976 420 1013 452 Si
1030 432 1092 463 ge-

78 477 197 498 nerosa
221 467 514 509 Syracusanorum
541 465 704 497 fortitudo
730 465 907 496 decentem
932 463 1090 496 ordinem

82 513 294 543 coniunctim
323 511 510 549 habuisset,
539 522 624 552 quae
646 509 783 541 tandem
806 512 893 541 vires
916 509 1092 552 Syracusis

81 558 234 588 resistere
250 554 427 598 poterant?
455 555 552 587 Refer
571 562 685 585 autem
701 557 828 586 senatui
845 553 1030 593 Catanae0‚
1057 565 1092 586 ac

81 601 195 633 Niciae
210 601 472 633 Atheniensium
490 600 703 642 imperatori,
732 611 787 630 me
805 598 928 630 ducem
946 600 1090 631 electum

81 658 98 676 a
115 646 334 689 Syracusanis
345 670 353 683 ,
382 644 534 686 adeoque
552 646 736 687 imperium
751 656 812 687 per
825 655 880 676 me
895 646 1009 686 ipsu‘m
1025 644 1090 675 ha-

82 691 178 723 bere:
206 697 298 721 tanto
329 689 464 721 fastidio
487 688 528 720 ab
551 688 701 721 hostium
723 687 925 732 perferendo
947 690 1091 731 imperio

84 735 199 766 Pau-es
220 735 349 777 patriae
378 734 578 772 abhorrent,
607 741 644 764 ut
676 735 737 765 sibi
768 734 948 765 Hermonis
982 734 1089 764 filium

78 780 199 822 potius,
224 780 278 810 cui
295 778 330 810 id
345 779 532 815 crederent,
557 779 732 820 elegerint.
773 778 888 810 Ardor
901 789 961 821 pro
978 778 1088 809 liber-

72 831 141 854 tate
163 824 268 866 patria
289 831 486 866 potestatem
507 825 648 865 patriam
664 822 819 854 retardat.
862 823 936 861 Tu,
964 825 1021 865 qui
1037 834 1089 854 ca-

74 867 226 899 duceum
247 866 539 911 Syracusanorum
567 866 751 905 desideras,
781 870 926 899 alterum
952 868 1012 898 tibi
1040 869 1075 899 li»

73 921 174 944 tuum
197 920 354 954 compara
370 911 552 944 fundandis
567 913 673 943 muris
689 913 828 943 alterius
844 913 984 944 civitatis
995 936 1002 949 ,
1031 921 1087 943 aut

70 956 170 995 sedis,
185 957 318 994 Naxiis‚
340 955 596 996 catanensibus,
614 965 645 988 et
660 956 939 989 Atheniensibus.

130 1023 379 1062 EUAGRIUS,
407 1023 441 1053 M
450 1024 666 1055 EGARENS
675 1023 760 1056 [ΠΜ
790 1023 1026 1061 PRINCEPS,

427 1067 741 1100 TIMOLEONTI.
894 1087 905 1094 -

162 1134 287 1167 LXIV.
328 1136 368 1166 lu
396 1136 523 1177 gloriae
555 1144 627 1166 tuae
656 1137 936 1168 communionem
964 1136 1085 1167 lubens

71 1180 242 1218 concedo,
271 1192 391 1211 verum
414 1192 483 1210 non
507 1179 697 1211 admodum
721 1181 856 1212 victoria
880 1191 916 1212 ac
930 1181 1085 1212 felicitate

71 1233 127 1256 tua
155 1227 278 1264 laetor;
314 1225 433 1256 laetior
460 1232 559 1266 atque
580 1226 730 1255 securior
752 1226 901 1264 futurus,
929 1227 956 1257 si
980 1238 1015 1256 ea
1038 1227 1086 1256 uti

70 1271 187 1301 scires.
229 1270 332 1301 Utere
355 1280 434 1311 ergo
456 1270 545 1311 pacis
571 1270 758 1300 occasione:
785 1282 853 1312 quo
870 1271 976 1313 magis
992 1271 1085 1301 enim

69 1315 190 1346 irritati
205 1323 263 1346 aut
280 1313 354 1346 victi
370 1314 496 1345 suerint
512 1313 723 1353 catanenses,
741 1326 779 1346 eo
795 1316 912 1346 maiori
941 1316 1087 1358 gravita—

71 1366 121 1396 te,
150 1371 187 1391 ac
208 1359 406 1390 terribiliori
429 1360 558 1402 impetu
574 1367 772 1401 resurgunt;
800 1368 868 1391 tam
883 1361 979 1392 facile
994 1357 1085 1403 apud

70 1415 123 1435 eos
146 1415 264 1447 vepres
278 1404 454 1436 bellorum
469 1404 737 1446 progerminant.
770 1404 817 1436 «Si
832 1406 944 1437 solum
959 1405 1085 1436 Trina-

67 1449 177 1480 crium
193 1444 338 1491 purgare
353 1449 460 1491 cupis,
482 1448 516 1480 hi
532 1447 685 1479 funditus
701 1448 896 1481 eradicandi
911 1458 1002 1481 sunt.
1043 1448 1082 1480 In

68 1494 302 1535 captivitatem
333 1491 500 1525 abduxisti
530 1493 653 1524 ducem
681 1504 797 1524 eorum
821 1495 992 1537 profectae
1016 1493 1084 1525 iam

68 1539 185 1568 aetatis
196 1561 206 1576 ,
235 1546 268 1569 at
288 1550 354 1569 non
371 1538 522 1580 eripuisti
539 1539 619 1580 ipsis
635 1537 813 1569 arbitrium
830 1539 980 1582 eligendi
996 1541 1081 1571 alte-

67 1592 148 1612 rum
161 1583 353 1619 meliorem,
369 1590 425 1614 aut
440 1583 600 1618 similem,
617 1583 675 1624 qui
691 1593 771 1614 cum
787 1584 932 1617 aliorum
944 1585 1083 1621 viribus,

64 1634 141 1658 tum
157 1638 215 1658 sua
231 1627 384 1670 ipsorum
398 1627 537 1659 Nemesi
554 1626 678 1666 adiuti,
707 1636 820 1659 contra
837 1640 898 1660 nos
913 1638 946 1661 et
959 1637 991 1660 te
1006 1629 1083 1660 bel-

65 1671 138 1701 lum
160 1680 291 1714 parant.
331 1670 431 1703 Mitto
455 1683 534 1702 cum
555 1671 729 1703 Zerinthio
751 1682 867 1705 nostro
894 1675 1043 1718 palmam
1065 1684 1081 1703 e

60 1715 304 1759 smaragdinis,
332 1728 417 1759 opus
433 1715 621 1748 Poliadriae
638 1729 744 1754 meae,
773 1719 814 1750 ad
829 1726 972 1751 statuam
986 1719 1084 1753 Feli·-

108 1760 216 1792 Dion.
231 1762 273 1792 T.
290 1760 351 1791 VI.
813 1765 843 1796 X
