1238 1888
181 61 414 101 BIBLIOTH.
429 55 550 90 msT.
565 52 651 85 Lm.
666 47 744 82 xx,
760 46 862 79 CAP.
877 47 939 82 96·
998 41 1073 79 415

58 143 130 181 ὓπό
159 134 366 184 Δημητρίου
393 126 616 174 πεμφθέντες
641 118 851 162 ἐπανῆλθον
878 114 1071 159 ἄπρακτοι,

60 200 191 246 ἔπεμψε
212 193 247 229 δὲ
265 185 497 230 τοῖςῬοδίοις
507 180 566 216 καὶ
577 174 816 221 Κάσσανδρος
827 168 965 218 κριθῶν
977 163 1074 213 μεδί-

61 265 170 302 μνους
187 249 347 297 μυρίους,
369 241 429 278 καὶ
439 237 648 283 Λυσίμαχος
665 231 785 279 πυρῶν
804 225 996 275 μεδίμνους
1014 233 1073 254 ἰε--

62 304 350 357 τρακισμυρίους,
370 297 432 334 καὶ
450 294 586 342 κριθῶν
605 289 686 329 τούς
704 288 816 326 ἴσους.
861 275 1074 324 τηλικαύτης

66 359 130 402 οὖν
158 359 330 410 χορηγίας
354 356 428 394 τοῖς
447 351 537 386 κατὰ
559 347 621 390 τὴν
647 344 751 379 πόλιν
775 337 975 387 γενομένης,
1005 328 1074 376 ἤδη

65 423 255 467 κάμνοντες
270 415 348 454 ταῖς
365 410 495 457 ψυχαῖς
513 404 549 440 οἳ
566 397 863 447 πολιορκούμενοι
873 392 979 428 πάλιν
998 385 1076 422 ἀνε-

66 477 279 524 θάῤῥησοιν·
309 466 371 504 καὶ
388 465 568 513 κρίναντες
577 458 765 504 συμφέρειν
783 449 982 488 ἐπιθέσθαι
1000 444 1077 482 ταῖς

74 646 139 685 λεῖς
168 642 317 684 ’ἔστησαν
343 633 508 671 ἅπαντας
530 626 587 663 ἐπὶ
620 625 683 659 τοῦ
711 621 857 664 τείχους.
907 612 1032 650 νυκτὸς
1051 605 1083 644 δ’

76 696 320 747 ἐπιγενομένης
358 688 436 736 περὶ
474 684 639 730 δευτέραν
674 675 858 723 φυλακὴν,
885 667 987 715 ἄφνω
1012 667 1085 705 τοῖς

75 757 139 804 μὲν
174 749 405 797 πετροβόλοις
437 739 586 785 συνεχῶς
615 736 678 779 τήν
714 728 878 779 φυλακὴν
914 724 1085 771 ἔβαλλον·

76 814 151 851 τοῖς
170 806 199 844 δ’
221 803 341 843 ἄλλοις
359 801 474 849 βέλεσι
493 793 693 843 πυρφόροις
711 784 891 824 παντοίοις
902 780 1086 829 χρώμενοι,

77 867 160 908 τούς
195 863 264 899 ἐκεῖ
283 857 532 906 συντρέχοντας
559 847 846 893 κατετίτρωσκον.
891 835 983 874 οἶδὲ
1011 831 1092 880 περὶ

78 925 140 960 τὸν
167 917 385 965 Δημήτριον,
413 909 627 946 ἀνελπίστου
654 904 713 946 τῆς
736 898 928 935 ἐπιθέσεως
946 889 1090 940 γενομέ-

79 992 150 1024 νης,
179 972 439 1023 ἀγωνιάσαντες
466 963 545 1012 περὶ
563 962 630 997 τῶν
650 951 1015 994 κατασκευασθέντων
1033 944 1093 994 ἐ’ρ-

81 1046 172 1084 γων,
212 1029 415 1073 συνέτρεχον
451 1021 507 1058 ἐπὶ
532 1020 595 1063 τὴν
620 1015 810 1063 βοήθειαν.
859 1005 1031 1048 ἀσελήνου
1059 999 1095 1035 δέ

84 1091 146 1134 τῆς
163 1086 288 1124 νυκτὸς
306 1078 422 1125 οὔσης,
443 1077 477 1113 οἳ
495 1077 556 1123 μὲν
575 1071 756 1118 πυρφόροι
773 1066 965 1110 διέλαμπον
986 1057 1099 1105 φερό-

89 1157 188 1192 μενοι
205 1140 350 1188 βιαίως·
394 1134 430 1170 οἰ
465 1133 501 1168 δέ
529 1128 700 1174 ὀξυβελεῖς
718 1123 778 1159 καὶ
803 1117 1019 1167 πετροβόλοι
1037 1113 1099 1156 τὴν

91 1200 208 1248 φορὰν
228 1193 456 1242 ἀπροόρατον
477 1188 621 1231 ἔχοντες,
639 1179 791 1218 πολλοὺς
809 1177 1016 1221 διέφθειρον
1035 1168 1102 1203 τῶν

93 1258 143 1305 μὴ
171 1251 375 1298 δυναμένων
401 1243 556 1283 συνιδεῖν
584 1239 646 1282 τὴν
674 1232 928 1281 ἐπιφερομένην
954 1224 1104 1272 πληγὴν.

95 1313 221 1355 ἴτυχον
250 1307 287 1343 δὲ
310 1302 369 1341 καὶ
393 1303 460 1337 τῶν
490 1296 560 1333 ἀπὸ
588 1296 648 1338 τῆς
673 1291 829 1340 μηχανῆς
853 1283 1005 1322 λεπίδων
1019 1280 1108 1320 τινὲς

98 1362 368 1404 ἀποπεσοῦσαι·
396 1351 712 1402 καταψιλωθέντος
732 1346 767 1381 δὲ
785 1344 849 1381 τοῦ
870 1342 985 1377 τόπου
996 1348 1110 1385 προσ-

98 1426 248 1460 έπιπτον
289 1415 325 1453 οἱ
370 1412 555 1461 πυρφόροι
590 1407 636 1454 τῷ
671 1401 860 1448 ξυλοφανεῖ
894 1397 960 1432 τοῦ
1001 1405 1109 1429 κατα-

100 1478 359 1524 σκευάσματος.
411 1469 533 1514 διόπερ
554 1461 754 1511 ἀγωνιάσας
774 1457 792 1493 ὁ
813 1453 1036 1500 Δημήτριος,
1063 1447 1111 1493 μὴ

101 1547 187 1572 ποτε
217 1532 279 1567 τοῖι
308 1527 420 1575 πυρὸς
445 1520 727 1566 ἐπινεμηθέντος,
744 1511 891 1550 ἅπασαν
910 1504 1032 1555 συμβῇ
1053 1503 1115 1547 τὴν

104 1589 262 1638 μηχανὴν
283 1583 531 1630 λυμανθῆναι,
563 1574 653 1610 κατὰ
671 1572 776 1616 τάχος
793 1567 954 1615 ἐβοήθει,
992 1557 1052 1596 καὶ
1069 1556 1118 1605 τῷ

105 1641 443 1694 παρασκευασθέντι
477 1631 584 1670 ὕδατι
607 1632 642 1667 ἐν
678 1629 755 1668 ταῖς
790 1625 929 1672 στέγαις
954 1615 1119 1665 ἐπειρᾶτο

109 1699 302 1750 σβεννύναι
329 1696 392 1740 τὴν
411 1688 668 1740 ἐπιφερομένην
700 1682 830 1731 φλόγα.
883 1679 923 1713 τὸ
946 1674 981 1711 δὲ
1007 1673 1122 1708 τελευ·
