1238 1888
410 64 791 99 EPISTOLAE.
1042 69 1113 104 295

105 135 215 177 piunt.
263 134 302 166 In
320 145 377 165 ore
393 133 477 165 duos
493 133 610 165 dentes
626 141 747 176 gerunt
761 131 932 169 candidos,
950 133 1109 163 multum-

104 191 170 220 que
186 181 429 222 prominentes,
445 190 505 210 ceu
516 178 584 210 duo
598 189 721 210 cornua
733 189 866 220 magua,
883 185 915 208 et
932 186 998 208 tam
1014 177 1114 215 hisco,

104 235 207 266 quam
223 223 423 266 proboscide
440 225 509 261 illa,
537 232 672 260 nocem,
693 230 910 265 stragemque
928 223 1039 254 ferunt
1056 222 1114 253 lto-

103 268 256 300 minibus
283 276 316 300 et
335 269 441 310 equis,
459 276 525 300 tam
542 267 643 299 validi
670 279 707 299 ae
734 267 913 307 terribiles,
943 269 1026 299 utin
1048 279 1114 298 no-

103 321 189 344 stros
218 314 423 355 irrumpant,
439 322 538 355 atque
554 314 692 345 ordines
704 313 880 354 etagmina
892 312 1113 350 confundant,

103 370 213 399 neque
230 370 297 400 quo
314 359 352 389 iis
368 359 574 410 resistamus,
597 357 788 400 quidquam
814 358 1020 400 reperimus:
1049 356 1094 387 hu
1098 367 1114 386 c

101 402 243 441 accedit,
258 402 349 445 quod
365 404 441 445 equi
453 403 566 440 nostri,
581 405 636 445 qui
654 401 752 444 (inter
761 404 886 434 occisos
902 403 1000 439 ferro,
1015 401 1114 432 labo-

101 447 207 488 ribus,
222 459 261 479 ac
274 448 378 490 fame)
396 448 448 479 vix
465 449 562 479 mille
579 447 677 479 uobis
692 455 885 490 supersunt,
903 446 944 478 ad
961 448 1113 489 primum

102 493 226 525 borum
244 501 474 524 monstrorum
486 500 707 535 conspectum
717 494 835 530 territi,
850 493 884 524 in
901 492 1016 535 fugam
1033 503 1113 522 con-

101 545 294 574 vertuntur,
311 549 419 579 neque
437 539 532 569 freno
561 539 632 569 ullo
647 546 704 570 aut
719 539 810 580 virga
827 537 950 568 retrahi
979 548 1018 568 eo
1032 548 1114 579 pos-

100 590 190 620 sunt,
206 582 358 623 adeoque
391 583 527 614 inutiles
543 582 638 614 nobis
666 582 704 614 ad
722 583 890 625 proelium
919 582 994 613 sacti
1023 590 1113 612 suntt

101 628 150 659 At
179 627 347 658 Polichius
364 635 397 658 et
412 627 661 665 Theodosides,
690 629 777 660 inter
792 635 922 658 nostros
938 626 1114 659 animosis-

100 672 177 704 simi
193 673 342 711 iuvenes,
363 683 399 703 re
423 673 492 714 ipsa
510 684 570 703 nos
586 671 740 711 docuere,
755 681 901 704 rostrum
919 671 1005 703 illud
1022 670 1111 702 haud

101 716 284 748 difficulter
311 716 512 759 praescindi,
542 718 699 759 viamque
728 718 822 749 nobis
845 728 1018 759 aperuere,
1047 728 1111 757 qua

102 774 170 793 non
187 762 289 793 modo
305 762 455 793 resistele
472 762 565 793 hisce
581 762 797 799 animalibus,
816 773 935 792 velum
951 769 984 792 et
999 773 1034 792 ea
1055 762 1112 792 ul-

100 808 188 839 cisci
205 818 280 848 que·
274 818 386 838 ¹nmus:
413 806 607 849 posthabitis
629 808 721 838 euim
736 807 854 838 mortis
870 806 1030 849 periculis
1045 806 1112 838 ad-

101 850 233 889 enodis,
261 862 340 882 cum
370 852 522 882 trecentis
549 863 589 883 ex
616 852 712 883 omui
735 853 910 883 iuventute
933 848 1112 884 Catanensi

100 898 196 928 lectis
211 896 318 932 sociis,
332 897 368 926 in
385 907 523 927 summo
538 895 655 928 ardore
669 897 801 939 proelii,
828 908 896 927 nou
924 897 1049 927 minori
1066 898 1111 933 vi,

101 953 205 983 quam
233 940 385 978 audacia,
414 941 681 972 confertissimos
697 941 807 973 hostes
823 948 1053 984 penetrarunt,
1082 949 1114 972 ot·

101 987 174 1018 ilias
190 984 312 1017 bestias
328 985 481 1016 cominus
497 987 647 1027 aggressi
662 993 751 1023 suut,
779 985 978 1027 duabusque
994 997 1033 1017 ex
1048 987 1112 1018 illis

101 1029 360 1075 promuscidem
376 1030 579 1073 praecidere,
596 1031 678 1063 duas
694 1032 775 1062 alias
794 1029 1016 1068 trucidarunt,
1046 1030 1113 1061 ad-

102 1084 175 1107 acto
191 1076 225 1106 in
244 1082 396 1106 ventrem
416 1075 569 1114 vulnere,
596 1077 675 1117 quia
703 1076 848 1117 reliquis
864 1077 1011 1118 corporis
1038 1087 1114 1118 par·

103 1121 192 1152 tibus
209 1131 275 1151 non
293 1126 447 1162 poterant
462 1121 644 1159 vulnerari,
671 1121 740 1152 sive
754 1120 797 1152 ob
827 1121 909 1152 corii
936 1120 1113 1160 duritiem,

103 1167 174 1196 sive
190 1164 281 1207 quod
298 1165 431 1196 laminis
448 1165 548 1197 osseis
589 1166 642 1197 vel
660 1164 850 1197 thoracibus
874 1166 1113 1208 impenetrabi-

102 1211 191 1242 libus
206 1209 356 1241 obtectae
373 1217 494 1240 essent.
542 1188 752 1242 'i'heodoridi
780 1217 892 1241 tamen
923 1209 1049 1241 nimius
1061 1221 1112 1241 ar-

103 1255 175 1292 dor,
191 1253 276 1286 (lum
291 1253 333 1286 ad
351 1255 493 1285 maiores
509 1253 657 1297 adspirat
682 1253 836 1292 honores,
864 1264 1011 1287 mortem
1028 1266 1112 1286 con-

100 1301 213 1340 stivit3
240 1300 365 1341 reliqui
381 1300 521 1330 iuvenes
534 1300 659 1342 partim
673 1300 713 1331 ab
740 1299 892 1331 hostibus
910 1301 1007 1337 caesi,
1034 1312 1113 1342 par-

100 1347 160 1376 tim
176 1344 299 1376 reversi
316 1351 406 1382 sunt,
423 1345 528 1385 gloria
545 1355 613 1375 nou
641 1345 764 1380 minus,
781 1355 882 1386 quam
899 1345 1133 1383 vulneribus„

100 1391 206 1432 pleni.
255 1390 457 1420 Sicanorum
473 1388 593 1420 decem
621 1389 744 1426 millia,
759 1390 800 1420 ab
828 1389 978 1421 hostibus
993 1401 1111 1421 secum

100 1443 215 1466 contra
226 1433 434 1465 nosmilitare
443 1441 700 1476 coacta‚praesto
710 1434 938 1467 iamsuntcum
949 1435 1112 1466 arietibus

100 1480 178 1517 suis,
195 1479 337 1520 aliisque
355 1478 521 1511 machinis
537 1478 680 1532 bellicis,
707 1478 750 1511 ad
772 1479 1002 1521 effringendas
1029 1491 1111 1510 mu-

101 1535 155 1555 ros
172 1524 275 1560 huius
305 1523 409 1561 uubis,
437 1535 540 1565 quam
562 1525 672 1567 campi
701 1524 854 1567 ipsorum
884 1523 976 1556 haud
1005 1524 1112 1555 semel

99 1570 399 1611 propugnatticern
414 1569 535 1611 experti
551 1577 646 1600 sunt:
662 1576 694 1600 et
709 1569 807 1612 plus
800 1580 867 1601 mm
882 1569 999 1601 damni
1014 1580 1111 1600 acce-

101 1615 213 1655 pimus
227 1613 269 1644 ab
286 1610 415 1644 insulae
432 1613 531 1644 huius
546 1614 677 1652 incolis,
692 1625 794 1656 qnam
811 1615 933 1645 exteris
958 1615 1110 1645 nationi-

102 1658 165 1691 bus
183 1657 375 1689 hostilibus.
421 1657 581 1690 Universi
597 1666 712 1691 autem
741 1659 988 1691 Naumachiam
1004 1669 1110 1689 occu-

101 1710 236 1745 parunt,
253 1710 286 1734 et
302 1701 441 1733 Circum
470 1702 675 1741 Maximum,
704 1712 737 1735 et
765 1703 856 1735 hisce
872 1715 932 1735 ceu
947 1704 1044 1735 scalis
1059 1704 1110 1734 uti
