1238 1888
102 13 177 48 308
425 7 627 42 DIODORI
642 9 797 41 SICULI

103 76 150 114 lo,
167 83 205 106 ut
226 75 309 107 falsa
327 77 541 107 somniorum
557 79 715 115 tuorum,=
735 84 804 109 tam
818 78 964 109 infausta
992 79 1108 111 omina

99 120 392 163 portendentium,
406 121 574 163 interpres
588 122 667 152 sim.
727 120 819 153 Scias
841 131 966 161 autem,
981 124 1110 155 cineres

98 173 269 206 segetum,
285 165 364 207 igne
379 178 397 197 a
411 167 478 196 tuis
493 165 690 196 hominibus
717 173 930 204 vastatarum,
957 169 1027 198 sive
1042 180 1108 199 na-

100 218 195 241 turae
210 209 313 240 fuerit
328 210 409 242 haee
436 211 639 252 benignitas,
668 212 736 241 sive
765 212 966 243 universalis
994 215 1109 244 matris

101 255 228 286 Terrae
245 256 279 285 in
295 262 325 285 te
341 254 515 296 prodigae,
532 266 611 297 erga
626 266 687 286 nos
702 254 864 295 liberalis,
886 257 1110 296 fertilissimos

101 298 290 330 reddidisse
306 310 441 342 campos
457 308 588 330 exustos
604 299 780 342 frugibus3
796 308 828 331 te
842 309 957 332 autem
973 301 1112 334 invidia.

104 343 183 374 Mor
187 355 241 375 ere
269 344 391 385 itaque,
419 355 438 374 o
454 344 603 386 profane,
632 345 668 375 iu
696 343 805 382 horas,
821 345 907 376 intra
935 348 1114 388 ploprium

104 397 203 419 tuum
217 387 370 427 cadavm,
381 390 580 420 morborum
589 398 730 420 tuorum
744 391 898 431 portatile
906 391 1114 432 sepulcrum,

103 434 137 464 in
155 434 282 464 foetore
298 444 335 464 ac
352 433 534 464 scelexibus
550 435 626 472 tuis,
645 441 677 465 et
691 445 892 465 consumere
918 446 1020 477 supla
1049 443 1114 468 ter-

103 489 177 508 lam
190 478 319 508 sensim
334 478 460 509 inlecto
471 476 598 509 doloris
613 479 671 516 tui,
687 480 812 521 quippe
827 478 919 510 haud
933 478 1059 522 dignus
1074 491 1116 517 es,

104 523 164 564 qui
181 523 352 565 xccipiaris
368 535 385 553 a
400 529 511 553 sancta
528 523 585 555 {lla
595 522 667 554 Dea
677 524 910 563 mat1·eTe1ra‚
927 535 1029 565 quam
1039 525 1116 565 igne

103 578 140 598 ac
155 569 320 609 sanguine
337 567 487 598 humano
502 568 598 598 toties
613 567 766 598 foedasti.

399 655 628 688 HERMILIA
655 656 819 689 EIDEM.

183 723 310 756 XLVI.
328 724 439 755 Valde
455 725 557 754 literis
574 725 636 754 tuis
652 724 814 766 gloriaris,
830 733 1008 766 potentem
1019 733 1049 756 te
1060 735 1114 755 es-

103 781 138 800 se
155 769 280 800 divitiis
296 769 373 800 tuis.
435 769 505 810 Qui
521 769 627 799 oculis
643 777 758 811 captus
773 780 842 800 non
859 778 916 807 est,
933 769 1019 799 nihil
1034 771 1067 800 in
1084 777 1114 799 te

101 822 234 856 praeter
249 814 403 844 fortunae
432 813 521 844 bona
550 813 660 844 videt:
696 814 803 845 animi
832 814 998 844 bonorum
1013 824 1112 855 snpra

102 870 244 889 omnem
262 858 438 889 miseriam
453 856 691 900 pauperrimus
715 869 764 889 es.
813 858 992 900 Quaenam
1005 859 1114 888 mise-

101 904 171 934 rior
185 914 257 933 sors
286 901 508 933 mendicitatis
536 902 678 943 reperiri
706 911 824 944 potest,
853 913 957 944 quam
986 910 1024 933 ut
1038 903 1112 943 quis

101 948 229 979 alienas
246 946 435 977 emendicet
449 945 593 983 divitias,
623 945 725 987 idque
752 958 813 988 per
832 945 1060 988 tyrannidem,
1076 955 1113 976 ut

102 1000 139 1023 tu
153 993 246 1029 facis,
263 992 320 1032 qui
335 1002 436 1042 supra
457 1001 576 1021 omnes
591 991 748 1021 homines
763 989 972 1021 ditissimum
1000 997 1031 1020 te
1047 1002 1111 1032 ap-

102 1038 227 1079 pellarz²
243 1046 366 1077 posses,
382 1036 409 1065 si
426 1046 485 1076 par
489 1046 540 1071 vo,
558 1046 665 1076 eoque
695 1035 783 1066 bono
811 1042 988 1066 contentus
1017 1045 1112 1072 esses,

103 1093 165 1112 nec
181 1092 251 1111 non
267 1081 433 1111 virtutum
449 1079 617 1114 theseum-‚o
632 1090 719 1120 quae
734 1091 752 1110 a
766 1086 799 1110 te
816 1077 996 1110 exsulant?
1012 1078 1114 1110 Nunc

103 1127 143 1157 ab
174 1124 351 1156 ultricibus
381 1124 513 1155 Celeris
538 1134 575 1154 ac
600 1122 825 1166 Proserpinae
854 1123 937 1154 diris
965 1124 1114 1164 graviter

102 1181 293 1213 percussus,
322 1176 354 1199 et
368 1170 402 1199 in
431 1175 636 1210 perpetuum
664 1180 681 1199 a
709 1170 930 1199 conscientiae
957 1170 1112 1210 propriae

101 1215 270 1246 morsibus
286 1216 483 1246 vulneratus
500 1221 599 1255 atque
615 1213 791 1250 cruciatus,
811 1212 963 1244 nummis
990 1220 1022 1243 et
1048 1212 1110 1243 do-

102 1261 154 1291 nis
171 1270 290 1290 earum
300 1260 455 1310 gratiam,
470 1266 636 1299 tanquam
646 1258 803 1290 venalem
812 1266 845 1289 et
860 1267 1112 1295 mercenariamt

101 1304 274 1336 ῐεᾱίῐηειε
291 1305 434 1335 conaris.
482 1303 739 1335 Abominantur
763 1311 896 1334 sanctae
913 1303 993 1333 illae
1021 1302 1111 1333 Deae

102 1350 314 1392 placamenta
330 1348 403 1379 auri
417 1347 468 1378 tui
482 1355 580 1388 atque
608 1348 739 1388 algenti
759 1347 1000 1385 obscmissimi,
1014 1347 1114 1377 lacri-

104 1395 171 1424 mis
187 1401 220 1424 et
233 1406 266 1424 sa
273 1394 398 1435 nguine
413 1392 566 1423 humano
583 1391 722 1423 foedati.
778 1391 805 1422 C
809 1399 899 1422 ertus
913 1392 967 1429 sis,
983 1392 1110 1434 gratis-

101 1439 241 1476 simum,
257 1436 370 1479 quod'
364 1439 442 1478 ipsis
456 1438 577 1468 offerre
591 1437 709 1478 possis,
732 1437 933 1468 sacrificium
947 1436 1039 1467 suun
1042 1446 1111 1473 um

103 1483 131 1514 si
145 1490 178 1513 te
205 1493 319 1525 ipsum
341 1482 516 1512 victimam
531 1482 636 1520 sistas,
654 1482 731 1512 licet
744 1480 974 1520 immundam,
1003 1487 1035 1510 et
1050 1488 1109 1510 tuo

103 1538 271 1568 sanguine
282 1552 290 1567 ‚
320 1535 445 1568 tuaque
472 1526 624 1558 humano
652 1526 769 1568 generi
795 1525 965 1558 salutifera
1001 1525 1111 1557 futura

105 1579 220 1610 morte,
236 1583 289 1603 eas
304 1572 428 1614 placeS.
