1238 1888
125 107 196 143 108
430 103 624 136 DIODORI
657 102 753 137 Slm
767 103 815 137 LI

123 175 206 222 ρίαν
224 174 395 221 συνεργὸν
414 171 555 218 ἔχοντες,
578 175 750 222 καρτεράν
768 178 884 222 μα’χην
903 173 1136 211 συνίσταντο·

123 228 169 276 τῷ
187 225 224 264 δ’
244 230 345 276 ἑτέρῳ
359 230 489 277 χάρακι
513 229 752 277 διελάμβανον
772 231 829 263 τὸν
849 230 945 270 ἐντὸς
963 230 1028 266 τοῦ
1047 230 1137 265 πτώ-

121 298 232 331 ματος
250 286 371 328 τόπον,
390 284 450 320 καὶ
468 288 578 330 τεῖχος
596 284 713 333 ἕτερον
733 284 1017 332 ἀντῳκοδόμουν,
1038 299 1137 321 συνεο

119 341 186 385 χῶς
202 341 430 389 ἐργαζόμενοι
457 341 516 377 καὶ
532 337 617 388 μεθ’
638 339 771 389 ἡμέραν
789 340 849 377 καὶ
865 339 1010 390 νύκτωρ.
1048 342 1137 386 ταχὺ

123 395 159 431 δὲ
178 398 245 431 τῶν
265 396 374 444 ἔργων
390 398 683 442 συντελουμένων,
697 396 755 432 διά
774 411 809 431 τε
827 396 891 441 τήν
909 398 1137 444 πολυχειρίαν

122 451 182 485 καὶ
200 453 240 487 τὸ
269 452 409 494 πλῆθος
426 453 485 496 τῆς
505 450 550 492 εἷς
569 449 711 487 ἅπαντα
731 453 976 499 παρασκευῆς,
1015 453 1055 487 τὸ
1073 452 1138 499 μὲν

123 506 182 542 διά
205 509 268 542 τοῦ
295 507 481 554 πτώματος
509 509 690 554 ἐλάττωμα
709 508 889 554 συντόμως
915 506 950 542 οἶ
968 509 1137 555 Μεγαλο-

123 565 267 598 πολῖται
287 562 551 611 διωρθώσαντο,
567 564 655 610 πρὸς
674 563 711 599 δὲ
730 564 814 604 τοὺς
830 563 888 599 ἐπὶ
905 564 972 598 τῶν
991 563 1136 602 ξυλίνων

122 617 268 666 πύργων
284 616 562 666 ἀγωνιζομένους
572 621 645 658 τοῖς
660 632 694 653 τε
714 617 892 665 ὀξυβελέσι
903 619 1138 659 καταπέλταις

121 675 281 722 ἐχρῶντο,
293 674 353 710 καὶ
371 677 444 715 τοῖς
462 674 719 721 σφενδονήταις
735 674 796 710 καὶ
811 677 969 716 τοξόταις
987 675 1138 716 πολλοὺς

121 731 188 765 τῶν
209 731 386 775 πολεμίων
404 732 691 779 κατετίτρωσκον.

185 815 407 846 Elephantorum
425 815 608 839 immissorum
628 815 666 838 vis
681 819 707 838 et
719 814 847 846 impetus,
866 816 989 840 Danaidis
1006 815 1135 848 singulari

123 846 242 870 sollertia
255 850 373 870 retusus
403 847 442 870 11³
456 846 533 870 irrita
545 847 614 871 facta
633 846 746 871 obsidio.

208 893 270 928 71.
292 893 444 928 Πολλῶν
464 891 500 927 δὲ
519 894 719 928 πιπτόντων
737 890 819 940 παρ’
841 892 1062 942 αμφοτέροις,
1077 894 1138 929 καὶ

123 950 569 995 κατατραυματιζομένων,
607 947 665 983 καὶ
691 949 751 993 τῆς
775 951 900 989 νυκτὸς
925 951 1139 985 ἐπικαταλα-

122 1002 279 1048 βούσης,
320 1003 340 1038 ὁ
367 1004 431 1049 μέν
457 1004 724 1050 Πολυσπέρχων
756 1001 1061 1050 ἀνακαλεσάμενος
1096 1007 1139 1053 τῇ

125 1059 298 1106 σάλπιγγι
324 1059 406 1100 τοὺς
434 1059 649 1108 στρατιώτας
666 1060 868 1102 ἐπανῆλθεν
885 1059 943 1095 ἐπὶ
961 1061 1025 1103 τήν
1044 1058 1140 1096 ἰδίαν

126 1112 424 1162 στρατοπεδείαν·
460 1114 503 1162 τῇ
528 1111 564 1148 δ’
592 1113 760 1162 ὑστεραίᾳ
788 1115 851 1149 τὸν
869 1117 936 1150 τοῦ
954 1116 1141 1162 πτώματος

125 1170 236 1206 τόπον
258 1168 516 1218 ἀνακαθάρας,
547 1170 692 1215 ἐποίησε
708 1170 866 1216 βάσιμον
884 1173 958 1213 τοῖς
972 1172 1118 1220 θηρίοις
1132 1186 1140 1193 ·

125 1226 186 1261 καὶ
213 1225 380 1260 διενοεῖτο
403 1226 615 1273 χρησασθαι
643 1228 719 1267 ταῖς
743 1239 878 1262 τουτων
904 1227 1036 1274 ρώμαις
1054 1229 1144 1275 πρὸς

125 1282 187 1325 τὴν
208 1279 337 1317 ἅλωσιν
362 1284 423 1327 τῆς
440 1283 583 1321 πόλεως
620 1281 655 1317 οἳ
676 1282 713 1317 δὲ
732 1284 1031 1330 Μεγαλοπολῖται
1051 1279 1143 1335 (Δά-

124 1334 260 1380 μιδος”
244 1338 461 1384 ηγουμένου,
499 1337 558 1373 καὶ
587 1337 722 1374 τούτου
747 1339 934 1386 γεγονότος
959 1341 1050 1374 κατά
1078 1341 1141 1383 τήν

123 1389 237 1428 Ἀσίαν
261 1389 333 1438 μετ’
359 1389 599 1442 Ἀλεξάνδρου,
637 1393 698 1430 καὶ
731 1394 811 1442 περὶ
844 1396 906 1434 τάς
932 1393 1053 1440 φύσεις
1080 1394 1139 1429 καὶ

122 1449 241 1495 χρείας
260 1449 326 1483 τῶν
343 1450 540 1503 ἐλεφάντων
558 1450 743 1498 ἐμπειρίαν
761 1446 915 1502 ἔχοντος)
935 1447 978 1485 οὗ
996 1450 1144 1498 μετρίως

125 1506 375 1552 έπροτὲρησαν.
430 1505 532 1547 οὗτος
557 1508 627 1554 γάρ
653 1506 716 1549 τήν
743 1504 836 1540 ἰδίαν
860 1506 1023 1540 ἐπίνοιαν
1043 1504 1141 1541 ἄντί-

128 1573 246 1607 ταγμα
261 1561 302 1608 τῇ
327 1562 388 1595 τῶν
406 1561 544 1608 θηρίων
564 1562 629 1610 βίᾳ
646 1562 923 1604 κατασκευάσας,
945 1560 1143 1608 ἆχρήστους

127 1616 271 1660 ἐποίησε
291 1617 350 1657 τάς
367 1618 435 1651 τῶν
455 1618 623 1663 σωμάτων
643 1618 769 1665 ῥώμας.
811 1616 929 1666 θύρας
945 1618 1014 1667 γάρ
1031 1617 1140 1665 μεγά-

127 1672 190 1712 λας
209 1671 372 1714 πλείονας
390 1669 485 1716 ἥλοις
504 1671 594 1713 ὀξέσι
614 1673 903 1716 καταπυκνώσας,
933 1672 992 1708 καὶ
1009 1672 1140 1728 ταύτας

128 1729 164 1762 ἐν
185 1724 363 1774 ὀρύγμασι
383 1731 561 1770 ταπεινοῖς
584 1730 847 1776 καταστρώσας,
866 1727 927 1764 καὶ
945 1730 1007 1770 τάς
1025 1729 1141 1774 ἐξοχάς
