1238 1888
166 42 238 78 298
475 37 676 72 DIODORI
704 37 860 71 SlCULI

167 107 265 145 blica,
283 109 389 139 immo
406 107 464 138 tibi
480 106 654 138 uobiscum
671 108 848 138 communi
863 106 1050 146 securitate,
1077 107 1173 138 sicut]

168 153 269 184 etiam
286 153 316 183 in
329 153 451 184 nostris
467 151 881 191 necessitatibusamicum,
897 151 931 183 in
948 160 1090 194 utraqu-e
1106 152 1172 182 sor-

168 205 248 228 tuna
266 196 467 229 fidissimum
481 198 613 228 socium
637 205 667 227 te
689 197 892 238 praestitisti,
920 203 957 227 ut
971 197 1025 227 vel
1053 208 1171 228 omnes

166 242 338 272 facultates
354 250 480 273 nostras
497 241 538 282 (si
554 242 619 272 alio
636 240 738 272 modo
766 241 834 272 fieri
851 253 918 272 uon
933 242 1058 283 posset)
1087 253 1169 283 per-

167 285 321 317 ficiendis
338 294 369 317 et
399 286 618 318 resarciendis
642 286 830 328 triplicium
844 296 1022 317 murorum
1039 293 1170 322 nostro-

165 343 242 362 rum
264 333 438 362 structuris
455 331 602 373 antiquis
619 330 910 373 impenderemus.
959 329 1038 368 Nos,
1054 341 1096 362 ne
1112 331 1168 362 vi-

165 375 325 406 ‹lei-emur
340 376 484 418 prodigi,
502 376 782 406 autsecuritatem
797 383 947 406 nostram
961 373 994 405 in
1011 387 1170 418 reparan-

163 420 213 450 dis
228 421 346 451 crassis
374 422 478 453 muris
493 420 712 462 turribusque
729 420 947 457 immanibus,
976 420 1170 462 antiquissi-

165 476 300 496 morum
316 465 490 498 fabi-orum
513 473 711 497 nostrorum
727 465 920 508 Cyclopum
946 475 1058 507 opere,
1080 466 1171 496 mul-

164 512 202 540 tis
218 510 338 540 abhinc
352 512 472 543 seculis
489 509 656 546 inchoato,
685 510 873 548 collocasse,
901 511 1015 552 plures
1030 519 1136 541 annos
1150 521 1168 542 a

162 553 377 596 perficiendis
393 554 511 586 iisdem
525 554 792 598 supersedimus.
839 553 971 585 Verum
987 565 1029 586 ne
1047 562 1078 585 et
1091 565 1170 597 ope-

161 611 239 631 rum
256 600 477 641 antiquorum
495 608 632 643 tamque
661 599 848 630 celebrium
863 598 958 639 adeo,
975 610 1013 630 ac
1040 598 1169 630 nobili-

161 655 219 675 um
236 643 469 684 fundatorum,
483 652 540 676 aut
553 644 814 688 persuasionum
836 651 984 683 tuarum,
1011 644 1169 685 ingenio-

160 689 279 719 sissimi
295 691 381 720 inter
397 701 516 721 omues
532 691 691 721 mortales
707 689 780 726 viri,
802 696 1024 720 contemtores
1039 699 1168 730 argua-

159 745 249 771 mur,
266 735 297 765 in
315 735 502 777 praesentia
531 741 669 765 centum
697 744 733 765 ac
754 734 915 765 tredecim
935 735 1056 765 talenta
1073 741 1168 764 vete-

159 789 236 809 rum
256 780 404 810 turrium
425 777 697 817 reaedificationi,
725 790 761 809 ac
779 779 858 809 novi
885 779 976 809 muri
995 780 1167 809 instaura-

161 821 252 860 tioni,
268 823 309 855 ad
325 822 518 867 designatae
533 838 548 856 a
563 832 593 855 te
609 823 869 867 ichnographiae
887 821 1078 861 modulum,
1102 823 1167 854 ‹le-

158 869 370 905 stinavimus,
386 869 576 910 impensam
591 879 679 906 sane,
696 878 781 909 quae
796 868 822 898 si
838 869 925 899 vires
943 875 1081 905 nostras,
1098 879 1167 899 non

159 919 269 943 tamen
286 914 418 944 animos
427 922 574 956 superat,
591 921 721 955 praeter
730 911 970 943 drachmarum
986 911 1167 955 myriades,

157 969 173 987 a
188 958 375 988 maioribus
391 960 511 990 nostris
527 969 699 1001 expensas,
722 956 910 988 chiliadum
925 958 1018 989 enim
1037 958 1094 989 vix
1108 968 1167 989 ra·

158 1001 200 1033 tio
216 1001 341 1034 habita.

409 1091 720 1125 CATANENSES
748 1090 914 1125 EIDEM.

377 1159 496 1204 Epist.
510 1158 641 1193 XCVI
668 1159 774 1193 Libri
787 1159 947 1193 secundi.

243 1225 351 1258 XXX.
378 1225 435 1259 Ad
449 1227 646 1270 opinionem
662 1226 790 1264 falsam,
807 1225 961 1270 quamde
978 1228 1075 1260 nobis
1092 1228 1164 1261 Co·-

153 1270 216 1301 cali
232 1272 322 1313 regis
339 1273 469 1314 parasiti
487 1274 589 1304 stulte
605 1282 719 1303 coram
741 1283 779 1303 eo
794 1281 1033 1315 conceperunt,
1049 1272 1164 1306 dicen-

153 1324 199 1346 tes
215 1315 285 1352 tibi,
306 1324 342 1347 ut
355 1316 550 1359 Lampirius
571 1316 669 1348 nobis
689 1316 816 1356 scribit,
847 1328 916 1348 non
933 1318 1048 1349 minus
1067 1320 1164 1351 timi-

153 1360 262 1392 ditatis
283 1372 343 1391 nos
359 1372 429 1392 esse
443 1370 626 1404 suspectos,
643 1373 746 1404 quam
760 1362 946 1405 superbiae,
976 1373 1013 1393 ac
1039 1364 1161 1406 procli-

153 1406 298 1446 galitatis
316 1407 498 1445 convictos,
527 1414 664 1450 propter
679 1407 881 1450 impensam,
908 1415 941 1438 et
957 1407 1046 1439 urbis
1065 1419 1162 1440 com-

150 1451 390 1489 munitionem,
420 1463 506 1493 quae
536 1451 595 1482 tibi
629 1453 816 1494 ceterisque
851 1451 1063 1494 sapientibus
1090 1455 1160 1485 visa

151 1503 199 1525 est
216 1497 397 1527 necessaria
414 1496 456 1528 ad
465 1498 592 1539 patriae
603 1504 732 1528 nostrae
749 1497 1042 1529 conservationem
1057 1506 1159 1540 atque

150 1538 268 1578 ‹lecus3
286 1552 344 1571 nos
360 1542 512 1583 responsi
526 1542 600 1573 loco
616 1540 700 1572 nihil
714 1541 808 1573 aliud
823 1543 901 1585 ipsis
922 1544 1040 1585 reponi
1056 1545 1159 1574 volu-

148 1595 237 1622 mus,
254 1596 356 1627 quam
370 1586 545 1628 publicam
560 1586 739 1618 literarum
755 1594 892 1618 tuarum
914 1587 1155 1620 exhibitionem

148 1639 225 1660 cnm
243 1630 335 1661 urbis
352 1629 610 1673 ichnographia·
659 1631 745 1672 Quis
760 1640 874 1663 antem
894 1629 1045 1668 Daedalo
1060 1634 1157 1675 peri-

149 1674 212 1704 tior
229 1673 300 1706 est?
330 1673 458 1707 Verum
476 1684 522 1715 tu,
539 1678 594 1718 qui
613 1686 735 1715 paucos
751 1688 810 1708 nos
827 1677 946 1708 multis
959 1688 1155 1720 congressos
