1238 1888
149 85 222 120 316
460 79 662 112 DIODORI
695 80 852 113 SICULI

152 160 276 190 nasque
292 159 406 180 aureas
423 149 581 187 uiliores,
597 159 806 190 coronasque
822 148 1021 192 tetrapondo
1044 161 1159 182 aurea·

150 193 221 225 Iovi
237 194 392 225 Deorum
408 193 494 233 Deo,
511 192 706 235 Cererique,
735 194 943 236 Liberaeque
972 195 1071 233 filiae,
1101 195 1159 226 vi-

151 237 320 277 ctricibus,
337 239 522 280 ceterisque
538 238 611 269 Diis
626 238 890 277 immortalibus,
905 239 1005 271 etiam
1033 239 1160 278 inferis,

146 284 269 314 nostris
290 283 450 314 manibus
479 283 762 314 consecravimus.
821 281 971 315 Arantur
985 283 1159 319 Catanen-

147 328 192 357 sia
208 338 283 358 rura
300 328 440 371 captivis
456 327 607 358 hostium
621 327 740 366 bobus,
764 329 963 370 captivaque
991 330 1067 371 iuga
1083 327 1157 360 Pu-

146 373 220 403 nica
236 372 399 414 praebent
413 374 535 403 nostris
551 373 637 403 colla
652 372 856 404 cultoribus:
871 372 1021 404 hostium
1048 374 1158 405 fortu-

146 428 189 448 na
216 427 376 459 praeceps
405 418 505 454 vires,
547 428 616 448 non
643 416 883 449 fortitudinem
911 418 1154 450 Catanensium

148 461 236 492 vicit.

240 528 383 561 HIERO
412 527 504 561 REX
532 527 749 561 PHYLTRO
779 528 1062 571 QUAESTORI.

233 597 309 628 LV.
349 597 516 628 Strenuus
545 605 659 628 contra
693 595 892 639 Syracusios
925 606 1159 640 propugnator

146 640 351 673 Camestrius
368 641 556 674 Catanaeus
573 643 765 684 patrissans,
781 643 940 683 insignia,
965 644 1158 684 praeclara-

144 697 209 728 que
225 687 383 724 facinora,
402 698 463 729 pro
479 687 583 729 patria
599 698 670 724 sua,
686 698 755 717 uon
777 686 937 718 diuturna
967 687 1157 725 obsidione,

142 743 211 762 non
227 732 427 762 mortalium
442 733 544 763 armis
573 729 761 773 (fatemur),
789 731 851 763 sed
879 733 1066 763 numinum
1093 743 1156 774 ope

144 775 306 807 divinitus
322 776 513 818 subiugata,
532 777 686 818 patravit.
735 776 855 808 Noster
869 784 983 808 autem
999 776 1069 808 dux
1085 777 1157 819 Hy-

142 822 219 858 lon,
257 819 436 852 infandum
474 822 580 851 nostri
618 820 766 852 dedecus
808 822 986 858 exercitus,
1038 829 1155 863 terque

143 874 330 907 quaterque
359 865 542 896 terribilem
577 866 680 896 hostis
708 865 856 897 frontem
883 866 1050 896 sustinere
1089 877 1154 896 ne-

143 913 274 951 quiens,
303 909 458 952 trepidus
473 918 566 951 terga
594 908 699 945 dedit,
729 921 797 952 quo
824 909 971 951 longiori
986 911 1153 953 supplicio

141 956 301 996 necisque
317 966 441 996 genere
468 961 602 985 sontem
629 954 671 985 ad
699 954 904 996 expiandam
932 957 1050 985 mortis
1066 956 1153 986 iram

139 1002 338 1041 puniamus.
389 998 458 1029 Sed
473 1010 558 1039 quae
573 999 720 1040 longior,
747 1010 834 1040 quae
848 999 991 1030 atrocior
1005 999 1155 1031 invidiae

139 1042 318 1074 cruciatu?
333 1042 425 1085 quod
439 1055 508 1074 non
523 1044 624 1074 unico
651 1044 817 1085 brevique
845 1044 935 1074 exitu
964 1044 1069 1074 vitam
1095 1044 1156 1074 ob-

140 1096 285 1127 truncat,
314 1087 375 1118 sed
404 1087 610 1129 quotidianis
637 1099 739 1119 suum
766 1099 903 1130 semper
929 1088 1068 1119 necibus
1097 1099 1155 1119 cor

141 1140 267 1164 enecat.
315 1133 481 1164 Inserviat
506 1131 609 1175 igitur
634 1131 749 1175 Hylon
781 1131 981 1170 Camestr10‚
1010 1133 1154 1176 Hylonis

140 1177 300 1209 Praetura
317 1176 524 1209 Camestrius
540 1176 730 1215 decoretur,
761 1178 889 1218 legioni
904 1178 975 1208 eius
990 1178 1153 1220 imperet3

138 1220 318 1264 stipendia,
348 1231 525 1263 ceteraque
553 1221 688 1253 ducalia
717 1223 758 1253 ab
786 1223 920 1264 Hylone
943 1222 1154 1254 auferantur.

140 1267 339 1306 Camestris),
356 1268 440 1298 olim
459 1267 555 1306 hosti,
573 1268 705 1310 captivo
721 1278 823 1306 nunc,
840 1267 882 1297 ob
897 1274 1026 1308 patrata
1054 1266 1095 1297 de
1119 1279 1154 1298 se

138 1312 223 1343 bene
239 1314 381 1343 merenti
397 1311 478 1342 haec
493 1312 607 1343 omnia
635 1311 677 1343 de
699 1314 793 1353 regia
821 1319 934 1343 nostra
953 1310 1060 1348 dabis,
1090 1320 1156 1343 tres

139 1356 356 1399 speciosiores
372 1358 533 1388 mulieres
549 1355 682 1388 Siculas
698 1369 739 1388 ex
768 1358 905 1399 captivis
920 1357 1094 1399 epicrocis‚
1121 1365 1154 1388 et

139 1403 312 1433 muricatis
329 1413 422 1440 auro,
439 1403 602 1443 elatisque
617 1402 767 1433 vestibus
783 1403 816 1432 in
834 1402 972 1439 deliciis,
988 1402 1151 1433 ancillas-

141 1457 206 1487 que
223 1455 299 1485 tres‚
319 1446 561 1488 mundumque
578 1447 784 1478 muliebrem
799 1458 878 1478 cum
888 1446 1062 1488 polymitis
1078 1458 1155 1478 ver-

139 1491 348 1522 sicoloribus.
397 1491 503 1522 Dabis
526 1500 558 1522 et
573 1492 781 1523 subsericam
804 1493 997 1522 coccineam
1021 1499 1152 1523 vestem

137 1547 245 1567 unam
260 1547 420 1573 annuam,
437 1535 605 1579 diploides
628 1537 765 1567 villosas
793 1537 958 1568 militares
984 1535 1069 1567 duas
1084 1548 1150 1567 au-

137 1591 234 1619 nuaS,
261 1579 548 1612 bardocucullum
571 1592 693 1618 unum,
723 1580 933 1624 epheso-ides
963 1591 1149 1623 purpureas

137 1637 266 1657 annuas
280 1634 357 1665 tres,
373 1626 514 1668 peplum
540 1637 678 1657 roseum
693 1627 883 1668 palmatum
910 1632 1059 1667 argento,
1088 1636 1150 1666 pro

138 1670 303 1712 Epiniciis
318 1673 439 1702 nostris
448 1682 558 1702 annua
568 1672 754 1713 palliastra:
767 1682 829 1713 pro
844 1670 1021 1712 mancipiis
1031 1670 1149 1701 decem

137 1714 302 1746 interulas
331 1723 364 1746 et
388 1716 597 1757 paragaudas
613 1715 734 1747 decem
758 1724 897 1754 annuas,
926 1715 1035 1745 lineae
1063 1715 1152 1745 telae
