1238 1888
204 64 438 98 BIBLIOTH.
455 65 577 97 HIST.
595 65 679 97 LIB.
696 65 790 98 XIX.
808 64 906 97 CAP.
923 68 980 104 94.
1027 70 1097 106 257

91 136 203 172 ὄντων
217 132 406 181 Ἀραβικῶν
424 135 540 170 ἐθνῶν
559 136 625 169 τῶν
644 134 847 182 τήνὲρημον
856 136 1099 180 ἐπινεμόντων,

93 184 195 228 οὗτοι
218 191 309 227 πολὺ
342 191 410 225 τῶν
440 187 553 225 ἄλλων
580 193 770 236 προέχουσι
805 191 882 230 ταῖς
907 187 1098 238 εὐπορίαις,

92 247 152 282 τόν
170 245 330 295 οἷριθμὸν
350 245 445 286 ὄντες
464 242 609 281 οὗπολύ
625 246 766 286 πλείους
784 245 1004 292 τῶνμυρίων.
1028 244 1101 281 εἷώ-

91 304 182 338 θασι
200 303 268 349 γάρ
291 299 405 337 αὖτῶν
424 297 489 336 οὐκ
509 298 622 348 ὀλίγοι
640 302 808 348 κατάγειν
834 300 890 336 ἐπὶ
908 302 1101 336 θάλασσαν

90 358 286 402 λιβάνωτόν
305 371 340 392 τε
360 353 418 391 καὶ
441 356 601 404 σμύρναν
621 357 680 392 καὶ
690 358 733 392 τά
744 357 1024 392 πολυτελέστατα
1035 358 1101 391 τῶν

89 411 299 459 ἅρωμάτων,
323 412 567 458 διαδεχόμενοι
586 414 683 460 παρά
694 414 761 448 τῶν
773 413 985 458 κομιζόντων
995 415 1030 447 ἐκ
1042 413 1101 455 τῆς

89 465 299 513 εὐδαίμονος
325 470 543 513 καλουμένης
565 464 739 515 Ἀραβίας.
792 466 1038 514 φιλελεύθεροι
1066 468 1100 502 δε

88 520 155 558 εἶσι
184 522 435 572 διαφερόντως,
467 522 526 557 καὶ
544 519 630 558 ὅταν
650 523 824 569 πολεμίων
844 523 990 568 δύναμις
1009 521 1100 569 ἁδροὶ

90 579 240 626 προσίῃ,
278 578 474 625 φεύγουσιν
493 576 540 620 εἷς
557 579 618 621 τήν
639 577 778 626 ἔρημον,
800 578 912 625 ταύτῃ
928 579 1099 625 χρώμενοι

89 631 300 681 ὀχυρώματι.
326 631 478 678 όίνυδρος
496 634 564 680 γάρ
588 624 691 675 οἶσα,
711 647 786 674 τοις
802 635 865 680 μὲν
883 630 1002 673 ἄλλοις
1022 631 1099 668 ἄνε-

87 690 239 735 πίβατός
262 691 352 725 ἐστι·
390 689 530 728 τούτοις
557 688 611 730 δὲ,
649 689 946 724 κατεσκευακόσιν
972 686 1098 736 ἀγγεῖα

88 746 178 780 κατά
203 746 266 791 γῆς
285 741 417 791 ὀρυκτά
435 745 665 789 κεκονιαμένα
691 746 811 789 μόνοις
831 745 1016 790 παρέχεται
1035 745 1097 787 τήν

87 798 297 846 ἀσφάλειαν.
320 801 380 843 τῆς
396 800 466 865 γάρ
485 800 546 846 γῆς
565 812 672 843 ουσης
690 801 748 844 τῆς
765 801 828 846 μὲν
848 798 1093 847 αργιλλώὸους,

86 857 146 899 τῆς
165 854 201 889 δὲ
227 857 360 902 πέτραν
387 854 532 899 ἐχούσης
549 857 727 902 μαλακήν,
758 853 943 904 ὀρύγματα
961 856 1097 902 μεγάλα

86 911 255 945 ποιοῦσιν
279 913 315 946 ἐν
335 907 444 958 αὖτῇ·
481 909 527 945 ὡν
546 912 588 945 τά
607 912 671 958 μὲν
690 913 818 957 στόμια
837 912 948 958 μικρά
967 925 1096 945 παντε-

85 967 149 1007 λῶς
176 966 498 1010 κατασκευάζουσι,
536 968 627 1001 κατά
653 967 798 1013 βάθους
825 963 858 1001 δ’
889 980 943 1001 αει
960 967 1097 1012 μᾶλλον

85 1018 260 1068 εὐρυχωρῆ
289 1022 481 1064 ποιοῦντες,
510 1023 550 1057 τὸ
570 1024 767 1057 τελευταῖον
787 1023 990 1066 τηλικοῦτον
1009 1020 1098 1058 ἄπο·

85 1077 224 1111 τελοῦσι
242 1077 283 1110 τὸ
301 1079 464 1123 μέγεθος,
486 1074 570 1113 ὥστε
585 1078 752 1125 γίνεσθαι
771 1080 925 1124 πλευράν
945 1079 1096 1121 ἑκάστην

85 1133 257 1176 πλέθρου.
310 1133 423 1166 ταῦτα
451 1132 487 1167 δὲ
512 1134 556 1167 τὰ
585 1131 711 1180 ἅγγεῖα
729 1134 941 1181 πληροῦντες
966 1129 1096 1173 ὕδατος

85 1184 261 1233 ὀμβρίου,
298 1188 342 1221 τά
362 1187 520 1230 στόματα
539 1189 801 1235 ἐμφράττουσι·
830 1187 891 1223 καὶ
910 1189 1095 1229 ποιοῦντες

84 1239 251 1278 ἰσόπεδον
270 1244 310 1290 τῇ
330 1242 438 1289 λοιπῇ
453 1242 561 1291 χώρᾳ,
575 1245 700 1289 σημεῖα
715 1244 1000 1286 καταλείπουσιν,
1013 1247 1093 1279 ἑαυ-

87 1299 160 1338 τοῖς
185 1297 249 1343 μὲν
275 1298 556 1344 γιγνωσκόμενα,
580 1300 652 1341 τοῖς
672 1295 707 1333 δ’
729 1296 847 1339 ἄλλοις
865 1296 1090 1343 ἀνεπινόητα.

84 1353 266 1394 ποτίζουσι
287 1353 323 1387 δὲ
343 1351 402 1388 καὶ
421 1354 484 1397 τήν
501 1355 598 1389 λείαν
617 1351 660 1389 δι’
680 1351 815 1403 ἡμερῶν
840 1355 960 1402 τριῶν,
1001 1351 1094 1395 ὅπως

82 1410 120 1443 ἐν
139 1409 217 1449 ταῖς
236 1405 420 1456 ἀνυδρίαις
443 1408 501 1444 καὶ
520 1411 650 1457 φυγαῖς
667 1410 715 1455 μή
735 1409 973 1459 προσδέωνται
990 1423 1090 1446 συνε-

79 1464 150 1508 χῶν
170 1461 315 1498 ὗδάτων.
372 1460 478 1498 αὐτοὶ
502 1464 537 1499 δὲ
563 1466 714 1512 χρῶνται
741 1466 855 1512 τροφῇ
883 1467 1005 1511 κρέασι
1031 1466 1091 1501 καὶ

81 1519 250 1565 γάλακτι,
283 1518 343 1554 καὶ
362 1521 428 1554 τῶν
447 1535 482 1555 εκ
500 1523 559 1564 τῆς
575 1522 638 1567 γῆς
663 1523 848 1567 φυομένων
874 1524 949 1560 τοῖς
967 1523 1088 1566 ἐπιτη-

81 1573 197 1616 δείοις.
248 1573 376 1620 φύεται
393 1576 461 1624 γιὶρ
480 1572 560 1623 παρ’
589 1572 707 1618 αὗτοῒς
733 1577 771 1612 τό
791 1577 912 1642 πέπερι
932 1574 1004 1611 απὸ
1022 1577 1090 1612 τῶν

79 1628 248 1675 δένδρων,
283 1629 343 1665 καὶ
370 1632 445 1675 μέλι
473 1631 564 1666 πολὺ
584 1632 622 1666 τὸ
642 1631 859 1679 καλούμενον
877 1629 1023 1679 ἆτ’γριον,
1061 1632 1086 1679 ᾡ

77 1697 227 1763 χριῦνται
245 1687 350 1763 Ἱποτῷ
366 1683 450 1730 μεθ’
472 1683 610 1727 ιδατος.
655 1687 727 1722 ἐστὶ
755 1688 791 1723 δέ
816 1685 876 1722 καὶ
900 1684 986 1723 αλλα
1006 1688 1086 1732 γένη

157 1742 228 1765 IOD.
303 1739 319 1768 ἲ
337 1763 343 1769 ,
829 1742 850 1769 R
