1238 1888
177 73 249 109 312
486 69 686 103 DIODORI
714 70 868 103 SICULI

177 145 243 169 tate
258 149 332 169 mea
348 138 383 168 in
398 138 645 180 perscribendis
667 136 710 169 ad
733 149 792 169 vos
819 137 920 169 rebus
949 137 1095 177 Siciliae,
1123 137 1184 168 ubi

175 192 255 213 cum
284 183 428 225 imperio
455 193 573 214 sumus
600 182 848 213 Proconsulari.
897 183 1026 225 Scripsi
1053 180 1181 213 nudius

175 228 305 258 tertius:
321 238 442 259 verum
457 228 620 268 quoniam
641 226 752 264 audio,
767 228 910 259 alteram
931 227 1024 258 illam
1045 238 1180 269 quoque

174 282 308 311 navem,
325 283 471 313 quacum
481 272 598 303 alteras
608 271 703 302 hasce
713 272 827 303 literas
836 271 878 303 ad
895 282 951 303 vos
964 271 1185 313 perferendas

174 315 267 353 dedi,
284 316 502 359 naufragium
532 327 675 358 passam,
705 317 818 347 tertias
833 327 924 347 nunc
950 313 1114 347 adornare
1130 316 1182 345 vi-

173 371 251 391 sum
268 368 314 391 est
330 372 408 392 cum
425 361 611 403 Euthymio
640 360 762 398 Cinna,
791 361 849 402 qui
863 362 990 403 patriae
1005 370 1101 391 causa
1117 356 1182 390 Ca-

172 406 367 436 tanensium
399 408 543 446 Legatus
569 405 611 436 ad
640 416 697 436 vos
713 406 818 443 venit,
847 406 898 436 vir
935 405 1180 442 nobilissimus,

175 460 253 480 cum
271 451 438 481 virtutum
453 450 739 491 scientiarumque
754 449 947 492 splendore,
973 458 1049 481 tum
1062 460 1179 480 rerum

172 505 233 536 per
249 493 370 525 liberas
387 505 454 525 non
470 493 573 525 modo
590 495 749 531 civitates,
777 505 899 525 verum
927 502 960 525 et
973 505 1077 535 regna
1093 505 1177 536 pro-

172 538 410 577 curandarum,
428 550 503 570 usu.
552 540 626 570 lam
653 539 780 569 mensis
807 539 937 580 elapsus
966 546 1023 577 est,
1053 537 1177 579 (neque

172 594 302 614 novum
317 582 400 624 quid
416 583 554 620 Romae,
574 584 704 625 opinor,
719 583 909 625 apportabit
923 583 987 614 hoc
1001 583 1181 624 nuntium)

171 635 318 659 tremere
335 635 400 659 tota
417 628 526 669 coepit
542 628 664 666 Sicilia,
681 628 788 659 Aetna
806 628 915 669 primo
937 638 1082 670 gemere,
1098 638 1179 658 mox

170 674 316 714 mugire,
344 670 487 703 demum
502 673 537 703 in
553 675 628 704 aei-a
645 672 768 711 fumos,
796 674 961 711 ssammaS,
989 682 1027 703 ac
1050 674 1182 703 cineres

172 715 392 748 densissimos
409 724 571 755 eructare,
590 725 759 759 postremo
774 724 938 747 torrentes
960 727 1036 747 suos
1058 718 1181 757 igneos

173 771 342 792 evomere.
406 759 541 799 Catana,
560 762 617 792 uhi
646 760 744 792 hodie
771 760 903 799 adsum,
945 768 1053 793 terrae
1080 767 1176 791 motu

172 816 341 844 concussa,
357 814 494 847 actaque
510 807 624 847 longa,
643 806 701 837 sed
715 814 856 847 angusta
884 816 921 836 ac
951 804 1178 848 profundissi-

171 861 239 888 ma,
254 851 415 891 voragine
431 862 574 892 superne
590 850 760 887 deorsum,
775 860 883 891 usque
898 850 940 881 ad
954 860 1047 881 mare
1063 850 1098 880 in
1113 848 1174 880 du-

171 906 206 926 as
221 903 333 936 partes
361 896 458 925 scissa
488 902 546 926 est.
594 894 774 925 Devastata
801 894 918 925 maiori
949 905 990 925 ex
1004 901 1110 936 parte,
1140 904 1178 924 ac

171 946 303 970 tantum
319 950 387 970 non
403 939 514 969 omnia
544 940 614 970 eius
637 938 768 976 decora,
787 946 1011 980 veterumque
1027 937 1073 969 ibi
1095 949 1176 969 mo-

170 991 354 1019 numenta,
371 983 540 1014 cineribus
557 985 657 1014 etiam
686 993 856 1024 oppressa.
904 982 1061 1023 Prolapsa
1077 993 1174 1013 moe-

171 1030 223 1058 nia
239 1027 386 1059 borealia
402 1038 480 1058 cum
508 1029 667 1065 turribus,
696 1027 887 1070 Cyclopum
914 1028 1052 1057 invento
1079 1034 1180 1068 atque

172 1084 284 1114 opere,
299 1083 361 1103 nec
375 1083 443 1103 nou
458 1072 606 1103 vicinum
625 1072 714 1103 hisce
738 1072 910 1114 ternplum
931 1071 1074 1113 Cybeles
1100 1071 1178 1102 Ma·-

171 1128 271 1158 gnae.
303 1116 449 1148 Ruinam
464 1118 638 1147 minantur
656 1115 960 1158 Amphitheau-um
973 1123 1004 1146 et
1020 1116 1178 1158 Gymna-

170 1162 276 1193 sium:
304 1162 446 1203 proiecit
473 1169 587 1192 autem
616 1161 786 1203 templum
803 1159 944 1195 Cereris,
974 1171 1012 1191 ac
1039 1171 1177 1202 prorsus

168 1205 320 1249 perd1dit
336 1205 502 1237 celebrem
518 1203 615 1236 suam
630 1205 849 1242 testudinem,
878 1204 990 1235 nobile
1018 1204 1104 1236 illud
1119 1204 1178 1236 he-

172 1250 428 1292 misphaerium.
489 1250 636 1292 Pergusa
663 1251 755 1281 lacus
783 1250 924 1286 vicinus,
955 1249 1177 1292 Proserpinae

170 1306 272 1333 sacer,
287 1308 303 1326 a
320 1303 407 1326 terra
421 1294 596 1336 absorptus
613 1302 677 1325 est:
703 1295 862 1337 spelunca
891 1294 981 1325 Ditis
1003 1305 1064 1336 per
1078 1295 1178 1335 quin-

170 1339 280 1370 decim
296 1339 365 1370 dies
381 1341 535 1370 flammas
566 1339 745 1378 eructavit,
773 1339 956 1370 subsedere
983 1349 1108 1380 magna
1137 1349 1177 1370 ex

169 1393 262 1427 parte
278 1385 369 1426 ripae
386 1385 454 1414 eius
469 1384 633 1420 marinae,
665 1391 696 1413 et
710 1391 795 1415 terra
813 1383 876 1414 sub
906 1384 1003 1421 mari,
1032 1385 1179 1415 flammis

170 1430 418 1466 effervescente,
434 1427 611 1459 dehiscens
627 1429 790 1459 maiorem
810 1435 942 1471 partem
955 1429 1056 1459 molis
1071 1438 1176 1470 prope

169 1474 290 1505 urbem
307 1473 482 1515 absorpsit,
498 1473 580 1503 adeo
596 1480 633 1503 ut
649 1484 715 1504 non
738 1473 803 1504 nisi
824 1472 954 1503 Pharus
982 1473 1052 1503 eius
1066 1483 1173 1515 pyra-

168 1518 300 1549 midalis
316 1519 353 1549 in
370 1518 466 1555 mari,
486 1525 517 1548 et
544 1517 709 1549 obeliscus
737 1518 806 1548 eius
833 1516 1113 1560 hieroglyphicus
1138 1516 1173 1547 in

167 1564 240 1605 ripa
288 1562 451 1605 supersit,
505 1570 767 1603 conquassatum
808 1569 920 1593 tamen
975 1569 1171 1602 utrumque.

166 1607 358 1638 Amasenus
387 1607 422 1637 in
451 1609 520 1649 ipsa
550 1606 633 1638 urbe
650 1618 710 1649 per
737 1606 809 1638 dies
837 1606 1030 1648 complures
1052 1605 1171 1637 multis

166 1652 318 1683 fontibus
333 1652 538 1692 sauguinem
560 1651 739 1694 putridum
755 1652 853 1682 vexit.
907 1651 1011 1682 Hasce
1033 1650 1172 1681 calami-

168 1704 250 1727 tates
264 1709 358 1739 passa
374 1704 422 1728 est
438 1697 562 1734 civitas,
591 1697 734 1728 Romani
761 1696 912 1727 nominis
940 1703 1008 1726 tam
1036 1704 1171 1726 amans·
