1238 1888
424 40 808 76 EPISTOLAE.
1055 47 1130 83 233

119 111 219 154 gitur,
235 111 361 154 quippe
376 111 499 153 quibus
513 108 680 142 indefesso
701 110 883 152 quotannis
898 109 1009 143 studio
1036 111 1131 143 labo-

118 168 171 188 res
186 164 316 188 nostros
332 155 518 194 credimus,
535 166 638 198 porro
653 155 753 186 etiam
782 155 971 198 spoliorum
1001 156 1132 188 hostili·

119 212 190 240 um,
205 202 300 243 queis
316 210 400 232 terra
416 201 572 243 marique
588 200 684 243 potiti
700 211 837 239 sumus3
853 200 1002 242 denique
1017 202 1130 232 conti·

118 248 177 278 nui
193 247 351 285 exercitii,
368 244 460 288 quod
478 253 515 277 ut
530 246 586 276 otii
604 244 762 276 inimicos
792 245 976 288 implicitos
1006 257 1066 278 nos
1082 253 1131 277 te-

118 297 185 322 net.
233 291 303 323 Nos
322 291 396 323 ilias
412 302 480 322 non
496 297 695 332 reputamus
724 287 870 327 divitias,
888 301 968 332 quas
996 291 1131 323 fortuna

118 336 242 367 donare
258 343 289 366 et
303 336 436 367 auferre
450 342 574 377 potest;
591 345 697 375 eaque
719 335 833 366 infima
861 336 935 366 laus
951 343 1009 373 est,
1027 348 1130 377 quaxn

118 380 217 411 nobis
245 380 395 412 tribuere
420 381 571 423 potestis,
600 378 658 409 nbi
688 378 774 410 illud
799 380 832 410 in
863 379 960 410 nobis
977 380 1131 419 laudatis,

117 424 209 467 quod
224 425 289 457 sub
304 426 409 456 aliena
426 431 588 468 potestate
606 432 665 455 est.
717 425 774 455 isti
791 423 932 456 demum
949 425 1130 457 stabilissi-

116 471 163 500 mi
179 478 260 501 sunt
275 470 435 508 thesauri,
454 470 512 511 qui
530 471 564 500 in
580 470 685 500 animi
703 470 799 500 bonis
815 471 1009 508 consistunt,
1030 482 1132 512 quos-

117 525 183 555 que
200 526 267 546 non
285 516 413 549 minus,
431 526 534 556 quam
550 516 640 551 istos,
657 514 777 545 maiori
794 524 833 545 ex
848 522 942 556 parte
969 514 1132 547 adversus

117 559 230 591 hostes
246 560 510 598 consumsimus,
538 559 596 591 sed
611 560 667 596 ita,
695 566 732 590 ut
747 567 836 589 certo
852 559 1000 602 quodam
1029 560 1132 591 modo

117 603 216 636 nobis
233 613 333 646 atque
352 605 469 636 amicis·
481 604 603 635 nostris
619 605 806 646 supersint3
839 603 920 636 ethi
947 604 1061 636 invicti
1076 614 1130 637 at-

119 660 187 691 que
216 649 409 681 inexhausti
447 656 597 685 manent,
627 660 736 690 neque
764 649 917 680 fortunae
946 650 1130 683 subiacent.

121 694 234 726 [mmo
250 695 413 726 iniuriam
428 694 524 725 nobis
542 694 656 731 facitis,
686 693 743 735 qui
761 694 859 724 istam
879 693 975 726 nobis
992 693 1131 727 laudem

120 746 189 770 tam
205 739 335 771 liberali
359 740 488 770 calamo
516 739 728 780 adspergitis,
745 739 839 779 quasi
862 750 942 770 vero
970 751 1036 771 non
1067 741 1131 771 alia

121 783 217 816 vohis
239 785 454 826 suppetiisset
485 782 645 815 laudandi
675 784 826 823 materia,
855 795 919 826 qua
948 783 1132 816 benevolos

119 829 214 861 vobis
229 829 415 860 redderetis
431 827 635 860 catanenses
650 829 788 860 amicos.
836 829 1055 871 Quamquam
1066 841 1132 861 no·-

120 874 170 905 ois
189 874 406 917 propriarum
421 871 564 904 landum
592 871 862 904 contemtoribus
891 875 1016 916 gratius
1032 885 1133 905 acce-

118 920 274 961 ptiusque
290 919 586 950 suissetsilentium
598 925 764 949 vesu-um:
783 929 858 950 vera
869 920 960 951 enim
975 919 1048 951 laus
1063 931 1130 951 non

120 964 200 995 solis
226 963 387 1001 versibus,
404 962 462 994 sed
478 962 640 1005 operibus
657 963 818 993 consistit.
880 963 1034 996 Habeam
1060 966 1132 1007 igi-

121 1016 177 1039 tur
193 1008 303 1040 nudae
318 1008 516 1050 ieiunaeque
546 1008 664 1039 Musae
679 1010 878 1049 poiimatum
896 1017 1083 1040 vestrorum
1097 1010 1129 1040 in

121 1055 305 1096 praeseutia
323 1053 478 1093 singuiae
506 1060 646 1090 vestem,
676 1062 755 1083 cum
785 1054 929 1084 sextario
956 1054 1130 1091 frumenti,

122 1109 206 1140 quae
222 1109 362 1129 munera
381 1098 478 1128 hasce
506 1096 759 1128 comitabuntur
774 1096 895 1135 literas,
923 1109 992 1130 non
1008 1100 1041 1130 in
1062 1100 1128 1130 ani·

122 1144 167 1174 mi
185 1144 282 1186 grati,
297 1142 355 1174 sed
371 1142 583 1174 liberalitatis
599 1149 732 1173 nostrae
747 1143 896 1183 signum.
956 1142 991 1175 Si
1018 1151 1132 1176 antem

121 1196 197 1230 post
212 1187 292 1219 haec
307 1188 384 1219 stilo
401 1187 558 1218 historico
574 1188 676 1218 vultis
690 1185 848 1224 scribere,
878 1199 979 1219 naves
994 1189 1131 1226 mittite,

123 1240 154 1263 et
167 1233 333 1264 frumenti
352 1231 546 1263 modiorum
561 1231 666 1263 millia
681 1232 850 1273 sexaginta
869 1231 962 1264 vobis
976 1243 1130 1265 commo-

121 1276 290 1315 dabimus,
306 1289 391 1319 quae
408 1289 423 1307 a
439 1278 538 1308 nobis
552 1284 625 1307 tum
641 1284 677 1307 ut
692 1277 803 1311 amici,
821 1284 895 1308 tum
911 1284 947 1308 ut
964 1277 1131 1315 homines.

120 1323 242 1365 petitis,
258 1323 336 1353 licet
352 1322 446 1354 nobis
464 1321 619 1353 nondum
633 1319 864 1360 reddideritis,
891 1328 948 1353 aut
965 1324 1132 1355 solveritis

121 1368 223 1398 altera
240 1367 309 1402 illa,
326 1379 410 1409 quae
421 1366 463 1397 ob
479 1366 642 1408 temporis
657 1366 943 1409 longinquitatem
959 1367 1132 1400 oblivione

123 1413 190 1443 iam
207 1411 342 1443 dudum
358 1410 447 1454 apud
465 1423 525 1442 nos
540 1410 718 1442 obliterata
734 1423 803 1442 esse
823 1419 986 1454 tanquam
1015 1412 1130 1444 homi-

120 1468 180 1488 nes
195 1457 315 1498 ingrati
334 1457 468 1499 putatis.
516 1454 586 1486 Sed
601 1456 705 1499 probe
720 1457 868 1498 persuasi
884 1467 1015 1495 sumus,
1030 1459 1126 1489 actio-

120 1513 201 1533 nem
215 1501 322 1532 debiti
345 1509 435 1532 mter
450 1501 555 1532 bonos
584 1511 696 1542 nequo
722 1501 883 1544 temporis
898 1499 1130 1540 diuturnitate,

119 1557 230 1623 negue
246 1547 308 1579 alia
324 1547 485 1590 quapiam
504 1557 600 1578 eausa
617 1557 770 1589 unquam
792 1547 1046 1589 inveterascere,
1073 1553 1132 1579 aut

118 1592 161 1623 ob
189 1589 256 1625 uei.
