1238 1888
436 15 821 51 EPlSTOLAE.
1061 22 1135 60 279

120 86 239 126 animi,
254 95 290 117 ac
307 85 461 119 fortunae
475 95 562 118 nona
578 92 678 128 atque
697 84 830 117 divitias
844 97 1074 119 successorem
1095 89 1136 119 ti-

121 131 156 164 bi
172 140 279 175 optas,
295 130 471 164 exhortare
487 142 579 171 eum,
606 137 644 162 ut
659 131 745 162 bene
763 131 862 169 vivat,
894 139 994 173 teque
1008 133 1134 164 viven-

119 185 203 216 tem,
220 184 252 208 et
267 184 400 219 patrem
415 187 518 209 sunm
534 176 734 215 Leonicum,
763 177 876 207 virum
893 177 1053 220 probum,
1070 178 1135 208 fili-

120 233 191 259 um,
207 228 325 254 natura
342 229 452 259 tuum,
469 222 623 254 moribus
637 228 738 263 atque
765 220 948 265 adoptione
965 230 1134 261 nostrum,

117 278 179 310 pro
197 266 348 298 libertate
364 268 557 299 communis
573 267 700 310 patriae
727 274 859 298 nostrae
890 275 1079 306 mortuum,
1095 267 1135 297 li-

118 321 167 342 cet
184 313 217 343 iu
234 320 392 355 pe.·petua
409 313 500 356 apud
516 324 576 344 uos
592 322 630 343 ac
660 312 733 343 viva
760 312 992 344 recordatione
1008 323 1134 355 super-

121 360 245 392 stitem,
261 357 423 395 imitetur,
439 368 475 387 ac
490 358 596 400 probe
605 357 697 395 sciat,
713 359 868 397 egregias
879 358 951 389 illas
968 356 1020 389 avi
1036 364 1135 398 atque

117 403 266 444 parentis
282 403 435 439 virtutes,
452 410 566 434 contra
582 402 721 433 solitum
738 403 855 444 legum
871 410 1063 434 nostrarum
1080 404 1133 432 ri—

116 458 248 488 gorem,
266 458 327 478 nos
343 458 462 488 cogere
479 458 548 479 esse
564 448 759 478 clementes.
808 447 914 478 Hasce
942 449 1005 491 ipsi
1021 448 1134 478 literas

116 493 290 533 praelegas
310 493 481 524 volumus.
541 491 686 534 Quodsi
710 493 977 534 compererimus
1006 499 1133 530 tamen,

116 537 238 579 lupum
255 544 387 568 mutare
406 538 529 581 pilum,
545 548 614 568 non
632 537 786 569 omittere
815 538 946 576 vitium,
977 537 1133 580 supplicii

117 582 230 624 ipsum
251 582 398 614 refrenet
427 591 543 620 ten-or,
561 590 593 613 et
618 583 645 613 si
674 581 966 614 inemendabilem
994 582 1133 624 videris,

116 634 436 670 contemtoremque
451 628 503 659 sui
520 628 637 670 ipsius,
653 626 713 665 tui,
730 627 846 666 nostri,
862 627 1019 659 Deorum
1034 626 1133 659 ‹leni-

116 683 192 714 que,
207 672 323 704 statim
341 672 400 704 tibi
418 673 490 704 eius
504 673 631 716 pellem
647 673 834 703 mittemus.

294 739 629 773 CATANAEI
666 738 950 773 HIERONI.

375 796 490 840 Epi-st.
512 798 606 829 XCI
625 796 731 829 Libri
738 797 862 841 primi.

206 850 302 884 Vnt.
334 853 508 884 Mittimus
527 853 587 885 tibi
618 852 759 885 Arrium
778 852 1014 891 Chiorionem,
1031 861 1064 885 et
1079 851 1128 886 Μ,

110 897 318 936 I’rotiouem,
335 899 375 930 ad
394 898 646 931 defendendam
676 899 911 930 innocentiam
939 899 1130 942 inculpato-

110 954 189 974 rum
204 944 345 975 istorum
361 944 525 975 iuvenum
554 943 808 980 Catanensium,
837 944 895 986 qui
911 956 927 975 a
943 954 1056 975 sorore
1074 953 1128 976 tua

112 988 203 1019 necis
219 988 281 1019 Ber
309 987 360 1026 lli,
377 989 505 1032 nepotis
523 991 584 1028 tui,
600 996 810 1020 accusantur.
858 987 988 1020 Aurem
1005 990 1128 1032 praebe

110 1034 214 1064 iustae
229 1000 432 1072 detyenisioni,
448 1042 480 1065 et
495 1033 596 1065 fidem
613 1033 698 1065 habe
715 1034 844 1065 veritati
863 1032 1047 1065 verborum
1062 1045 1129 1065 no·-

111 1085 276 1117 strorum,
292 1090 379 1120 quae
396 1090 435 1110 ex
451 1078 575 1110 horum
592 1090 648 1110 ore
657 1079 832 1122 percipies,
848 1079 1063 1110 avunculum
1072 1089 1129 1110 ex-

110 1130 202 1162 utus,
216 1133 254 1155 ac
267 1124 414 1155 iudicem
432 1123 584 1163 indutus,
601 1136 642 1155 ue
656 1122 738 1166 quid
766 1122 857 1166 apud
879 1130 910 1154 te
938 1122 1129 1156 calumniae

110 1168 257 1207 valeant,
285 1179 372 1211 quae
406 1169 558 1201 lacrimis
589 1168 648 1200 tibi
675 1168 850 1200 femininis
879 1170 1127 1211 propinantur-3

110 1212 192 1244 beni
206 1214 327 1245 saltem
350 1213 563 1246 occasionem
578 1224 740 1256 quaerere
768 1214 852 1251 noli,
880 1213 1040 1245 habendo
1067 1225 1127 1245 nos

109 1269 228 1290 omnes
243 1257 417 1291 homicidii
429 1270 514 1299 reos,
530 1260 659 1303 etpacis
667 1266 832 1302 ruptores,
849 1261 934 1290 sicut
947 1258 1128 1300 facis,quo-

108 1304 169 1335 ties
184 1306 232 1336 ais
248 1303 395 1347 epibatas
412 1304 608 1344 Catauaeos,
637 1305 670 1335 in
689 1303 918 1335 Naumachiae
931 1304 1128 1335 certamini·

108 1347 183 1387 bus,
199 1356 358 1391 nepotem
376 1356 474 1382 tuum
491 1347 626 1381 factiose
641 1349 814 1389 occidisse,
829 1359 906 1379 cum
917 1355 1032 1381 tamen
1042 1348 1126 1381 haec

107 1392 226 1425 caedes
242 1403 373 1437 praeter
388 1395 598 1426 voluntatem
613 1401 802 1438 perpetrata
818 1394 929 1425 suerit.
975 1392 1125 1426 Animus

107 1437 347 1479 homicidium,
364 1451 432 1471 non
450 1451 571 1471 manus
586 1440 690 1471 invita
709 1438 799 1470 facit.
853 1438 917 1471 Fas
932 1445 1044 1470 autem
1055 1450 1124 1472 non

106 1490 167 1522 est,
182 1483 216 1515 in
231 1491 350 1516 senatu
378 1485 574 1524 iustissimo,
603 1485 794 1516 carnificem
811 1483 894 1523 fieri,
926 1483 1029 1516 tibive
1043 1495 1124 1516 ma-

106 1528 245 1561 ctandos
261 1529 449 1561 concedere
466 1530 675 1568 innocentes,
691 1538 775 1573 quos
790 1530 889 1572 petis.
939 1528 1123 1572 Quamob-

104 1584 179 1606 rem
195 1582 232 1606 ut
247 1574 405 1607 homines
421 1583 452 1607 te
468 1586 678 1618 praecamur,
707 1581 744 1606 ut
758 1575 858 1606 amici
875 1582 906 1606 te
933 1573 1122 1615 hortamur,

105 1617 283 1664 utiudices
299 1619 355 1652 tibi
371 1619 525 1661 dicimus,
541 1620 611 1652 noli
627 1620 807 1652 dissentire
823 1632 838 1651 a
849 1617 976 1651 iudicio
989 1627 1120 1658 nostro,

106 1670 138 1695 et
153 1666 326 1707 acquiesce
340 1667 524 1698 sententiae
540 1665 788 1709 l‘roagororum
812 1674 1016 1705 nostrorum,
1031 1671 1119 1696 tam-
