1238 1888
137 50 212 87 432
493 45 698 77 DIODORl
722 44 878 78 SICVLl

137 129 213 151 των.
265 115 382 152 ἔπειτα
413 115 475 150 τὸν
507 116 652 161 Ταῖ-ρον
684 113 891 162 ὗπερβαλὼν
917 113 1072 162 προῆγεν
1090 115 1148 149 ἐπὶ

136 171 411 213 Καππαδοκίας,
450 168 511 205 καὶ
530 170 612 212 τοὺς
632 168 877 216 ἀφεστηκότας
895 170 974 218 περὶ
993 167 1055 213 τήν
1075 165 1147 203 ἅνω

139 228 302 276 Φρυγίαν
321 226 382 262 καὶ
399 226 614 261 Λυκαονίαν
632 227 945 274 ἐπιπορευόμενος,
975 225 1083 261 πάλιν
1102 222 1147 267 εἷς

134 282 197 328 τήν
208 282 517 331 προῦπάρχουσαν
527 282 731 328 συμμαχίαν
749 279 1028 326 ἀποκατέστησε.
1056 277 1145 316 καθ’

135 336 176 374 ὃν
197 337 239 383 δὴ
255 340 387 386 χρόνον
407 336 441 372 οἶ
459 336 539 384 περὶ
556 337 842 382 τὸνΛυσίμαχον
862 333 1148 382 πυθόμενοιτήν

135 397 202 430 τῶν
221 393 396 438 πολεμίων
415 393 632 439 παρουσίαν,
654 391 873 440 συνήδρευον
890 393 1147 438 βουλευόμενοι

134 452 206 491 πῶς
221 450 392 513 χρηστέον
412 449 462 493 εἴη
484 450 556 488 τοῖς
569 450 834 495 ἐπιφερομένοις
851 447 1039 488 κινδύνοις.
1072 446 1148 484 ἕδο-

134 508 189 571 Ξεν
217 499 282 540 οὖν
312 501 435 544 αὐτοῖς
461 502 508 544 εἷς
535 504 595 549 μὲν
621 504 738 549 μάχην
763 500 812 549 μή
846 504 1147 551 συγκαταβαίνειν

136 559 196 602 ἕως
232 559 276 595 ἂν
312 560 347 594 οἱ
366 559 445 608 περὶ
480 561 653 595 Σέλευκον
678 573 714 594 εκ
741 560 808 593 τῶν
834 556 908 594 α’νω
927 560 1147 607 σατραπειῶν

135 617 336 662 καταβῶσι·
367 616 497 655 τόπους
509 615 545 650 δὲ
565 612 713 662 ὀχυροὺς
723 614 1146 661 καταλαβέσθαι,καὶχά-

135 685 219 719 ρακι
239 670 296 706 καὶ
316 672 437 718 τάφρῳ
456 668 518 713 τήν
537 669 812 720 στρατοπεδείαν
832 669 1148 723 ἀσφαλισαμένους

137 726 323 773 ὑπομένειν
341 728 409 762 τῶν
428 726 602 772 πολεμίων
622 725 685 769 τὴν
705 725 847 771 ἔφοδον.
884 724 986 762 οὗτοι
1004 727 1068 772 μὲν
1083 719 1148 761 οὖν

137 784 176 818 τὸ
189 783 320 828 δοχθὲν
330 781 452 823 αὑτοῖς
463 781 644 817 ἐπετέλουν
654 784 744 817 κατά
763 796 832 817 σπο
841 781 942 826 υὸἡν·
963 782 984 818 ὁ
998 779 1148 817 6³14th-

135 852 250 885 γονος,
280 839 354 874 ἐπεὶ
375 838 527 882 πλησίον
547 840 682 885 ἐγένετο
701 839 769 872 τῶν
787 838 970 884 πολεμίων,
1005 838 1148 878 ἐκτάξας

136 896 197 939 τὴν
219 894 370 941 δύναμιν
390 896 615 942 προεκαλεῖτο
636 891 680 935 εἷς
696 894 823 940 μάχην.
859 889 1004 934 οὐδενὸς
1033 889 1062 927 δ’
1091 895 1149 928 ἐπ-

134 951 260 990 εξιέναι
286 951 496 996 τολμῶντος,
520 946 626 990 αὐτὸς
642 950 705 996 μὲν
724 949 933 994 κατελάβετο
953 950 1085 989 τόπους
1101 963 1149 984 τι-

137 1008 212 1050 νάς,
245 1003 289 1041 δι’
309 997 356 1041 ὧν
376 1004 575 1052 ἀναγκαῖον
594 997 637 1048 ἦν
657 1006 716 1046 τάς
736 1006 870 1052 τροφάς
888 1007 960 1046 τοῖς
978 1006 1150 1047 ἐναντίοις

135 1063 469 1108 παρακομίζεσθαι·
516 1060 552 1096 οἳ
580 1061 616 1095 δὲ
641 1060 722 1107 περὶ
746 1062 806 1094 τὸν
824 1061 1047 1106 Λυσίμαχον,
1084 1074 1149 1105 φο-

134 1118 306 1164 βηθέντες
323 1118 370 1163 μή
390 1129 476 1152 ποτε
486 1118 545 1160 τῆς
556 1114 941 1162 ἀγορᾶς-ἀποκοπείσης
953 1115 1150 1165 ὑποχείριοι

133 1174 304 1221 γένωνται
324 1174 398 1213 τοῖς
415 1172 605 1219 πολεμίοις,
626 1169 960 1213 νυκτόςάνέζευξαν·
998 1186 1056 1207 και
1046 1171 1148 1207 δια-

134 1230 308 1269 τείναντες
334 1227 503 1268 σταδίους
521 1228 781 1275 τετρακοσίους,
804 1227 1147 1275 κατεστρατοπέδευ-

134 1299 202 1321 σαν
228 1284 307 1332 περὶ
331 1283 548 1331 Δορύλαιον.
589 1288 657 1328 εἶχε
684 1285 753 1331 γάρ
781 1285 819 1319 τὸ
833 1284 968 1332 χωρίον
987 1286 1090 1320 σίτου
1109 1296 1145 1319 τε

135 1340 194 1376 καὶ
221 1342 280 1384 τῆς
307 1337 411 1385 α’λλης
430 1341 599 1387 χορηγίας
618 1341 778 1384 πλῆθος,
818 1353 877 1374 και
896 1341 1060 1385 ποταμὸν
1077 1353 1146 1375 πα-

135 1397 350 1444 ραρρέοντα,
390 1396 589 1442 δυνάμενον
610 1393 811 1441 ἀσφάλειαν
831 1397 1051 1444 παρέχεσθαι
1070 1397 1145 1437 τοῖς

135 1449 218 1500 παρ’
247 1449 356 1487 αὐτὸν
377 1450 715 1500 στρατοπεδεύουσι.
763 1452 961 1497 βαλόμενοι
981 1451 1018 1487 δὲ
1038 1464 1143 1498 στρα·

139 1507 329 1551 τοπεδείαν,
352 1504 541 1556 ὠχύρωσαν
562 1506 624 1550 τήν
642 1504 1015 1556 παρεμβολήνβαθείᾳ
1026 1508 1147 1554 τάφρῳ

135 1563 193 1599 καὶ
213 1564 344 1612 τριπλῷ
358 1566 502 1613 χάρακι.
