1238 1888
171 97 402 131 BIBLloTH.
420 97 540 129 HIST.
557 97 644 130 LIB.
660 96 756 129 XIX.
773 96 875 129 CAP.
891 103 948 136 56.
1000 101 1072 136 ¹203

58 169 217 216 ἐκβαλεῖν
236 169 272 202 ἐκ
290 168 357 203 τῶν
377 168 616 213 σατραπειῶν,
654 166 714 202 καὶ
729 165 862 202 τούτων
882 164 1074 207 ἀποδείξεις

59 224 161 270 ἔφερε
186 223 248 267 τὴν
275 237 310 258 τε
332 223 514 264 Πύθωνος
543 221 744 271 ἀναίρεσιν,
771 222 833 257 καὶ
850 223 913 266 τὴν
934 224 1073 257 Πευκέ-

58 292 145 316 στου
168 279 229 323 τῆς
254 279 430 327 Περσίδος
447 278 655 327 ἀφαίρεσιν,
694 277 756 314 καὶ
782 279 825 312 τά
855 276 934 325 περὶ
963 275 1073 312 αὐτὸν

59 335 261 382 συμβάντα.
298 336 434 375 πάντας
452 337 521 382 γάρ
541 331 644 370 οὐδὲν
664 332 883 379 ἠδικηκότας,
906 332 994 370 «moi
1014 333 1075 367 καὶ

56 391 177 439 χρείας
194 391 327 431 πολλάς
346 390 406 426 καὶ
432 391 588 438 μεγάλας
605 392 641 426 ἐν
668 390 711 438 τῇ
738 390 839 437 φιλίᾳ
859 390 1075 437 παρεσχημέ-

61 459 154 488 νους,
184 443 310 495 ἆρετῆς
329 445 627 492 ὑπομεμενηκέναι
646 448 855 492 πρόστιμον.
895 443 1017 492 διεξῄει
1039 444 1075 479 δὲ

59 501 121 537 καὶ
147 502 191 536 τοὶ
215 503 350 549 μεγέθη
378 503 445 537 τῶν
474 501 554 548 περὶ
580 498 688 537 αὐτὸν
713 501 909 547 δυνάμεων,
950 500 1012 535 καὶ
1036 500 1075 535 τὸ

60 559 203 601 πλῆθος
221 559 289 593 τῶν
304 558 501 604 χρημάτων,
514 557 564 592 ἔτι
585 557 622 591 δὲ
640 558 701 598 τάς
719 557 951 604 προσφάτους
975 552 1076 591 εὔτυ-

54 613 156 657 χίας,
190 616 225 654 ἐξ
249 604 295 648 ὧν
323 612 545 648 ὑπεδείκνυεν
574 612 803 659 ὑπερήφανον
828 613 1073 660 γεγενημένον,

59 669 120 704 καὶ
139 671 214 710 ταῖς
233 670 348 705 ἐλπίσι
367 669 618 716 περιειληφότα
638 668 756 703 πᾶσαν
776 668 839 711 τήν
850 666 1074 703 Μακεδόνων

56 725 255 771 βασιλείαν.
309 724 368 759 διά
396 723 433 759 δὲ
457 724 629 760 τοιούτων
645 725 758 771 λόγων
785 724 1075 772 προτρεψάμενος

56 781 118 814 τὸν
137 782 367 816 Πτολεμαῖον
384 781 639 846 ἑτοιμάζεσθαι
658 780 700 815 τοὶ
719 780 807 844 πρὸς
825 781 888 815 τὸν
906 780 1071 825 πόλεμον,

55 836 224 883 εξέπεμψέ
241 850 338 877 τινας
357 837 424 873 τῶν
442 837 554 882 φίλων
568 834 615 877 εἷς
632 836 696 879 τήν
706 832 897 884 Εὐρώπην,
910 836 1073 882 προστά-

54 893 114 932 ξας
131 893 334 940 πειρᾶσθαι
352 894 426 934 τοῖς
445 892 583 939 ὄμοίοις
610 893 729 939 λόγοις
747 892 901 939 ἐχθροὺς
923 888 1073 938 Ἀντιγό-

55 960 121 982 νου
137 949 358 992 καταστῆσαι
374 949 620 997 Κάσσανδρόν
638 962 674 984 τε
692 948 753 984 καὶ
771 948 997 994 Λυσίμαχον.
1028 946 1075 982 ὡν

55 1003 143 1047 ταχὺ
169 1005 210 1039 τὸ
229 1005 419 1041 κελευσθὲν
446 1006 745 1048 συντελεσάντων,
785 1003 874 1052 ἁρχὴ
896 1003 1075 1052 διαφορᾶς

55 1059 195 1104 ἐφύετο,
225 1059 284 1095 καὶ
301 1063 460 1109 μεγάλων
479 1062 652 1108 πολέμων.
690 1061 710 1096 ὁ
730 1057 770 1096 δ’
789 1057 1001 1108 Ἀντίγονος,
1038 1061 1074 1095 ἐκ

56 1115 123 1149 τῶν
143 1112 285 1150 εἰκότων
304 1118 601 1164 συλλογισάμενος
627 1117 689 1160 τήν
709 1116 888 1152 Σελεύκου
907 1115 1075 1163 προαίρε-

56 1183 131 1212 σιν,
169 1172 336 1218 ἐξέπεμψε
356 1172 574 1220 πρεσβευτάς
598 1173 688 1220 πρός
711 1185 747 1207 τε
765 1173 994 1217 Πτολεμαῖον
1015 1170 1075 1206 καὶ

57 1225 270 1272 Λυσίμαχον
299 1227 360 1263 καὶ
378 1227 645 1275 Κάσσανδρον,
684 1225 789 1269 ἀξιῶν
819 1227 1073 1271 διαφυλάσσειν

55 1282 120 1326 τὴν
139 1282 446 1332 προϋπάρχουσαν
461 1284 604 1329 φιλίαν·
623 1284 684 1328 τῆς
704 1282 740 1318 δὲ
759 1284 993 1330 Βαβυλωνίας
1012 1297 1075 1318 κα·

57 1339 236 1382 ταστήσας
263 1340 452 1387 σατράπην
480 1339 651 1375 Πύθωνα
683 1340 747 1375 τὸν
772 1341 809 1375 ἑκ
834 1341 894 1383 τῆς
927 1335 1074 1383 Ἰνδικῆς

56 1394 341 1441 καταβεβηκότα,
357 1397 445 1441 μετά
466 1397 526 1441 τῆς
544 1395 723 1442 δυνάμεως
744 1393 926 1438 ἀνέζευξεν,
948 1392 1005 1429 ἐπὶ
1015 1396 1074 1439 τῆς

56 1450 224 1492 Κιλικίας
240 1451 304 1494 τήν
321 1451 470 1499 πορείαν
488 1451 708 1498 ποιούμενος.
736 1449 778 1493 ὥς
799 1447 836 1486 δ’
857 1448 902 1491 εἷς
920 1451 1073 1486 Μάλλον

56 1518 286 1554 παρεγενετο,
326 1506 496 1554 διεμέρισε
520 1509 583 1552 τήν
607 1507 758 1554 δύναμιν
783 1504 832 1547 εἷς
850 1520 1070 1555 παραχειμα-

56 1561 156 1603 σίαν,
190 1562 279 1609 μετά
299 1562 401 1599 δύσιν
415 1561 594 1612 Ὠρίωνος.
640 1563 818 1610 παρέλαβε
847 1562 882 1597 δέ
901 1562 962 1597 καὶ
977 1563 1020 1597 τά
1036 1565 1071 1598 ἐν

56 1616 229 1659 Κυΐνδοις
251 1619 437 1667 χρήματα,
476 1620 631 1655 τάλαντα
649 1619 772 1666 μύρια.
805 1617 910 1666 χωρὶς
929 1617 965 1653 δὲ
983 1617 1070 1652 τού-

57 1686 125 1708 των
153 1675 381 1722 συνάγεσθαι
406 1677 443 1710 ἐκ
471 1677 540 1710 τῶν
565 1673 753 1723 προσόδων
778 1672 874 1722 αὐτῷ
897 1675 965 1709 τῶν
993 1671 1067 1709 κατ’

55 1730 222 1765 ἐνιαυτὸν
239 1731 392 1767 τάλαντα
412 1730 522 1780 μύρια
542 1730 604 1767 καὶ
617 1731 725 1776 χίλια,
755 1729 878 1778 διόπερ
904 1730 1071 1768 συνέβαι,
