1238 1888
148 92 218 128 198
453 88 657 122 DIODORI
687 88 843 122 SICVLI

144 158 381 202 λοποννήσου.
436 149 539 200 οὗτος
563 159 631 207 γάρ
654 150 697 203 ήν
722 160 846 200 λοιπὸς
868 159 956 205 μετά
977 158 1152 206 δυνάμεως

143 214 210 248 τῶν
237 212 570 261 ἀντιπρασσόντων,
607 213 667 249 καὶ
685 215 884 260 κατειλήφει
902 215 1017 254 πόλεις
1037 228 1072 249 τε
1092 215 1152 250 καὶ

143 270 274 310 τόπους
292 270 508 316 ἐπικαίρους.
528 270 592 312 τὴν
607 270 671 315 μὲν
692 262 756 304 οὖν
770 271 966 305 Θεσσαλίαν
987 268 1154 315 ἀσφαλῶς

145 324 289 368 διῆλθε·
327 325 387 364 τάς
407 322 444 358 δ’
464 327 499 359 ἐν
520 324 659 365 Πύλαις
677 325 857 371 παρόδους
875 324 984 372 εὑρὼν
1006 321 1062 360 ὕπ’
1084 323 1153 361 Αἶ-

143 382 260 414 τωλῶν
279 381 557 425 φυλαττομένας,
566 381 669 428 μόγις
686 380 833 421 τούτους
850 381 1066 426 βιασάμενος
1085 394 1153 416 πα-

143 436 280 482 ρῆλθεν
298 433 343 474 εἷς
361 435 424 478 τὴν
442 436 632 470 Βοιωτίαν.
668 436 986 482 μεταπεμψάμενος
1005 435 1041 470 δὲ
1059 449 1153 471 παν-

143 491 300 534 ταχόθεν
319 491 400 530 τοὺς
416 490 692 537 διασωζομένους
711 492 777 526 τῶν
800 491 977 537 Θηβαίων,
999 493 1155 539 ἐνεχείρει

142 546 353 589 κατοικίζειν
372 546 434 587 τάς
455 546 593 592 Θήβας,
636 545 826 593 ὑπολαβὼν
852 548 1040 582 κάλλιστον
1067 545 1155 591 ἔχειν

143 602 288 650 καιρὸν,
325 601 429 637 πόλιν
457 601 743 647 διωνομασμένην
770 602 830 638 καὶ
856 601 917 636 διά
941 603 1002 644 τοὶς
1019 601 1156 650 πράξεις

142 655 201 691 καὶ
228 657 287 693 διά
314 657 396 698 τούς
418 657 728 705 παραδεδομένους
753 658 833 706 περὶ
867 654 976 703 αὐτῆς
1008 657 1152 703 μύθους

142 711 361 757 ἀναστῆσαι,
400 713 460 748 καὶ
486 710 545 748 διά
572 714 633 755 τὴν
659 710 861 762 εὗεργεσίαν
888 712 1021 756 ταύτην
1038 715 1156 757 τυχεῖν

143 766 338 804 ἀθανάτου
359 767 467 813 δόξης.
511 769 710 815 συμβέβηκε
731 769 768 804 δέ
787 771 888 804 πόλιν
907 768 1038 812 ταύτην
1055 769 1153 803 πλεί-

142 837 241 864 σταις
258 823 319 859 καὶ
335 824 517 871 μεγίσταις
535 826 734 872 κεχρῆσθαι
751 825 973 877 μεταβολαῖς,
1004 821 1066 859 οὖκ
1087 821 1156 859 ὄλι-

141 880 242 928 γάκις
269 877 470 915 ανάστατον
495 881 739 928 γεγενημένην.
792 879 873 928 περὶ
899 878 946 915 ὧν
973 875 1038 914 οὔκ
1058 877 1157 915 ανοί-

142 948 238 970 κειον
253 937 289 969 ἓν
307 935 516 980 κεφαλαίοις
534 933 654 970 εἶπεῖν.
704 936 793 981 μετά
818 937 888 984 γάρ
914 936 975 969 τὸν
990 933 1047 970 επὶ
1065 939 1153 969 Λευ-

142 989 311 1031 καλίωνος
333 992 583 1037 κατακλυσμὸν
616 990 768 1038 Κάδμου
797 991 979 1031 κτίσαντος
1003 990 1066 1033 τὴν
1092 987 1152 1024 ἀπ’

143 1042 257 1081 αὐτοῦ
286 1049 643 1093 προσαγορευθεῖσαν
669 1046 874 1092 Καδμείαν,
904 1047 1081 1089 συνῆλθεν
1099 1041 1153 1081 ἐπ’

143 1098 256 1146 αὐτὴν
274 1102 376 1143 λαός,
415 1098 455 1136 ὅν
475 1115 560 1143 τινες
577 1102 640 1147 μὲν
662 1103 831 1150 Σπαρτὸν
849 1102 1153 1151 προσηγόρευσαν,

145 1156 206 1192 διά
225 1158 265 1192 τὸ
282 1158 510 1200 πανταχόθει
528 1159 777 1201 συναχθῆναι·
797 1157 887 1198 τινὲς
905 1156 942 1192 δὲ
954 1157 1152 1203 Θηβαγενῆ,

145 1211 205 1247 διά
224 1214 276 1255 τὸ,
297 1213 359 1256 τὴν
380 1210 494 1260 ἀρχὴν
513 1226 549 1247 εκ
569 1214 627 1257 τῆς
645 1214 896 1260 προειρημένης
913 1211 1068 1253 πόλεως’
1057 1213 1153 1252 ὄντα,

146 1267 205 1302 διά
241 1268 304 1302 τὸν
338 1269 586 1312 κατακλυσμὸν
615 1270 773 1304 εκπεσεῖν
805 1268 866 1304 καὶ
893 1267 1154 1315 διασπαρῆναι·

144 1323 226 1364 τοὺς
247 1323 312 1358 οῦν
337 1324 415 1358 τότε
433 1324 713 1367 κατοικήσαντας
731 1321 877 1372 ὕστερον
902 1320 1068 1370 Ἐγχελεῖς
1087 1336 1155 1357 καω

145 1379 452 1425 ταπολεμήσαντες
479 1379 658 1425 εξέβαλον·
697 1376 755 1414 ὅτε
774 1379 816 1424 δὴ
840 1380 970 1426 συνέβη
998 1377 1056 1413 καὶ
1076 1378 1156 1417 τούς

147 1433 226 1482 περὶ
245 1434 397 1480 Κάδμον
416 1433 463 1475 εἷς
476 1432 665 1482 Ἰλλυριοὺς
684 1437 851 1471 ἐκπεσεῖν.
889 1435 978 1480 μετά
999 1432 1035 1468 δὲ
1055 1429 1152 1468 ταῦτ’

146 1486 331 1536 Ἀμφίονος
349 1489 409 1524 καὶ
429 1490 555 1534 Ζήθου
575 1488 828 1539 κρατησάντων
846 1490 908 1525 τοῦ
928 1491 1042 1524 τόπου
1055 1516 1064 1531 ,
1094 1487 1154 1523 καὶ

149 1546 225 1580 τότε
261 1546 400 1593 πρῶτον
427 1547 466 1581 τὸ
493 1543 584 1582 ἄστυ
611 1546 821 1588 κτισάντων,
859 1546 1029 1592 καθάπερ
1052 1543 1114 1579 καὶ
1136 1542 1157 1578 ὃ

149 1601 295 1645 ποιητής
320 1614 440 1647 φησιν.

211 1654 255 1690 Οἳ
272 1657 404 1704 πρῶτοι
434 1657 553 1703 Θήβης
570 1656 647 1698 ἕδος
665 1656 803 1692 ἔκτισαν
822 1655 1055 1700 ἑπταπύλοιο)

150 1712 189 1746 τὸ
217 1710 375 1759 δεύτερον
403 1711 438 1747 οἳ
464 1713 732 1756 κατοικήσαντες
756 1713 818 1747 τὸν
844 1712 955 1747 τόπον
981 1712 1154 1752 ἐξέπεσον,
