1238 1888
141 98 215 133 310
453 92 651 125 DIODORI
679 91 834 125 SICULI

143 162 250 201 ducis,
265 173 375 204 neque
390 163 490 193 etiam
507 161 598 203 quod
614 161 687 191 iure
707 160 922 191 successionis
950 159 1059 191 multa
1075 170 1151 202 pos-

141 206 249 246 sides,
279 205 338 237 sed
359 206 402 238 ob
431 207 595 246 exiguum
613 204 713 244 illud,
729 203 821 246 quod
836 204 943 236 multa
953 202 1151 246 pugnaudo,

141 250 234 283 haud
248 252 355 283 semel
370 252 556 288 victoriam,
573 250 794 291 quantumvis
811 247 964 287 arduam,
996 247 1150 290 adeptus,

142 296 177 327 in
192 303 394 338 potestatem
408 302 559 326 nostram
574 293 745 335 redegisti,
762 293 887 325 ducem
901 300 933 324 te
961 294 1150 328 creavimus

141 341 320 383 legionum
334 348 536 378 nostrarum,
553 347 586 370 et
613 338 677 369 hoc
703 339 786 369 tanti
803 338 966 369 momenti
994 348 1150 375 munere,

143 384 236 416 unde
249 387 376 428 patriae
386 384 513 427 pendet
527 385 630 421 salus,
642 391 673 414 te
689 384 898 420 ornavimus,
914 384 1042 425 quippe
1057 381 1151 424 quod

141 431 271 461 nemini
286 431 352 460 nisi
369 429 467 460 valde
481 429 588 472 probo
603 440 640 459 ac
655 435 793 459 strenuo
815 428 990 469 contingit.
1037 425 1138 458 Adde

142 474 237 516 quod
251 475 285 505 in
303 482 333 505 te
348 473 596 516 repraesentari
617 473 833 515 agnoscimus
863 472 1050 514 imaginem
1076 471 1151 502 for-

142 519 266 550 tissimi
282 519 424 562 Gyrnffl,
440 520 492 550 avi
511 519 573 555 tui,
600 520 659 560 qui
675 518 853 548 tormentis
869 516 910 548 ab
927 516 1021 547 hoste
1036 515 1153 547 subie-

143 571 227 603 ctus,
243 576 284 594 ne
299 567 423 606 patriae
439 571 565 595 secreta
580 562 756 601 revelaret,
773 563 931 605 linguam
947 562 1010 593 sibi
1037 558 1151 592 denti-

142 608 205 640 bus
219 608 440 651 praemordit,
457 617 486 640 et
509 619 574 639 una
601 608 658 638 illa
685 615 893 649 perpetuum
921 607 1032 637 tenuit
1045 607 1153 636 silen-

144 655 243 692 tium,
259 653 353 695 quod
368 653 530 684 universis
541 652 701 694 deinceps
717 652 844 694 linguis
853 662 988 693 semper
1003 651 1151 682 celebra-

143 706 253 730 retur:
282 697 422 729 tandem
438 697 656 729 membratim
684 696 724 727 ab
754 695 874 727 eodem
902 695 996 727 hoste
1021 694 1152 726 discer-

140 751 229 784 ptus,
244 751 344 784 atque
360 749 582 781 exenteratus‚
611 752 671 784 pro
700 741 866 780 libertate,
894 752 1024 782 proque
1041 750 1154 771 amore

142 789 334 818 communis
350 788 409 818 tibi
424 787 606 818 nobiscum
620 788 745 828 patriae
759 794 915 817 mortuus
925 793 983 817 est.
1031 785 1154 826 Recipe

141 833 255 872 itaque
269 831 399 863 hastam
413 841 589 873 ceteraque
617 831 762 873 insignia
789 831 1004 873 imperatoria
1030 841 1046 860 a
1065 828 1151 860 Phi-

141 877 262 909 landro
281 876 444 919 Meapsia,
460 885 492 908 et
508 875 563 906 dic
578 876 619 914 ei,
635 886 695 906 nos
717 876 832 917 ipsum
853 875 1064 906 constituisse
1080 872 1150 904 ‹lu-

141 931 214 953 cem
241 922 336 952 classi
364 930 508 958 nostrae,
539 933 556 951 a
584 931 649 961 qua
678 928 892 962 exspectatur
921 921 988 950 iam
1016 917 1150 950 dudum

141 968 175 997 in
191 974 293 1008 portu
308 966 454 1008 Ongiae.
502 966 558 996 Tu
574 976 654 995 cum
669 966 815 995 exercitu
828 974 1033 1006 prosequere
1049 964 1150 994 victo-

139 1012 237 1047 riam,
254 1022 356 1052 quam
371 1021 464 1042 mors
484 1009 640 1041 Hieronis
669 1008 763 1039 nobis
782 1009 903 1046 attulit,
917 1017 1034 1039 contra
1056 1008 1148 1049 Ery-

141 1055 286 1092 thraeos,
303 1063 335 1086 et
350 1052 587 1097 Syracusanos,
604 1053 686 1084 urbe
702 1053 828 1095 pulsos,
856 1061 889 1084 et
915 1063 1008 1084 arma
1039 1061 1149 1084 nostra

141 1108 211 1131 tam
225 1100 330 1141 longo
345 1108 497 1141 tempore
518 1098 661 1141 sepulta,
679 1108 770 1129 nunc
795 1105 907 1129 autem
935 1108 1055 1128 eorum
1076 1109 1148 1128 san-

140 1144 244 1187 guine
254 1145 456 1183 resuscitata,
472 1145 654 1186 fugientes.
697 1142 887 1174 Obsidione
902 1142 1063 1173 Enosiam
1078 1143 1149 1172 eiu-

139 1200 193 1231 ge,
209 1190 304 1220 cuius
334 1189 484 1220 turribus
512 1196 544 1219 et
559 1188 690 1219 arcibus
717 1198 857 1219 omnem
884 1187 1030 1218 salutem
1051 1197 1147 1218 suam

139 1232 393 1265 concredidere.
442 1235 497 1265 Tu
512 1233 581 1271 fac,
597 1240 634 1263 ut
648 1232 691 1264 ad
707 1232 926 1263 illustriorem
951 1240 980 1263 te
995 1230 1147 1263 redden-

140 1278 235 1316 dum,
264 1290 332 1309 non
348 1278 461 1309 solum
483 1278 614 1321 generis
637 1279 747 1318 origo,
775 1288 898 1308 verum
926 1285 958 1308 et
987 1275 1147 1308 fortitudo

139 1331 338 1364 ceteraeque
354 1324 494 1354 virtutes
515 1330 590 1353 tuae
619 1329 835 1356 concurrant.
853 1329 885 1352 et
906 1320 947 1352 ab
970 1332 1144 1363 expugua-

140 1368 231 1398 tioue
246 1375 398 1410 exspecta
415 1379 568 1403 coronas,
584 1378 620 1398 ac
635 1366 847 1409 triumphum
861 1377 931 1397 non
946 1364 1062 1402 modo,
1091 1365 1149 1397 sed

140 1419 173 1442 et
187 1413 307 1455 spolia.

211 1478 454 1511 CATANAEI
483 1477 685 1511 DUClBUS
714 1478 904 1511 CLASSIS
932 1476 1077 1510 LACE-

467 1523 839 1556 DAEMONIORUM.

230 1593 270 1622 L.
286 1591 383 1622 Nihil
402 1592 545 1628 soruma,
561 1592 712 1629 victoria,
729 1591 915 1632 ceterisque
929 1589 1030 1622 rebus
1045 1589 1149 1620 belli-

142 1637 187 1667 cis
202 1635 413 1674 mutabilius,
439 1636 527 1667 nihil
553 1647 688 1678 quoque
715 1637 829 1678 regnis
859 1643 959 1678 atque
989 1636 1151 1676 imperiis,

140 1681 268 1723 quippe
295 1692 380 1722 quae
408 1682 442 1712 in
457 1691 575 1712 earum
589 1692 704 1718 manu,
731 1680 813 1712 sede
841 1681 982 1712 omnino
1011 1680 1151 1711 incerta.

138 1734 230 1762 sunt,
247 1727 361 1758 minus
377 1733 507 1765 tutum3
538 1728 675 1757 virtutes
702 1733 825 1763 autem,
850 1725 959 1757 animi
988 1725 1151 1755 nimirum
