1238 1888
100 40 174 76 306
405 33 611 68 DIODORI
637 35 790 68 SICULl

100 112 221 143 strum,
236 103 313 140 illis,
329 99 372 132 ob
387 113 459 133 ossa
476 100 672 138 Stesichori,
695 109 726 133 et
739 110 884 134 statuam
899 102 1028 134 Cereris
1044 105 1110 137 vi-

99 149 222 186 ctricis,
238 158 341 188 quam
358 159 375 178 a
390 147 505 178 multis
521 147 589 177 iam
601 147 720 178 seculis
735 147 967 200 possidemus:
982 159 1106 181 verum

100 201 248 229 neutros,
263 198 382 233 utpote
396 192 484 233 pacis
511 199 774 230 conservatores,
802 193 842 223 ab
869 194 1016 223 amicitia
1045 204 1104 224 no-

100 245 168 268 stra
183 246 359 268 removere
375 236 531 277 potuisti:
559 246 670 277 neque
687 237 780 268 enim
807 236 1010 278 reipublicae
1025 247 1106 267 suae

100 281 303 323 tranquillae
319 291 490 311 summam
506 290 561 310 eos
583 279 615 310 iu
644 292 784 311 manum
807 281 859 311 foi
861 287 960 312 tunae
987 292 1106 312 rursus

100 326 230 357 tradere
246 331 389 366 oportet,
411 334 447 354 ac
474 335 562 355 novo
592 325 824 366 experimento
845 324 985 362 discele,
1002 336 1106 367 quam

99 370 205 413 probe
221 381 292 405 nos,
310 379 389 398 cum
404 369 532 410 lingua,
548 376 621 399 tuni
638 369 805 407 manibus,
835 349 1016 400 defendere
1045 380 1107 400 no—

101 416 264 446 verimus.
290 413 369 443 Dux
384 421 496 443 tamen
513 413 727 445 Ennensirim
739 422 838 455 atque
849 415 1104 445 Himerensium

100 471 117 490 a
150 458 378 489 tumultuante
393 458 491 499 plebe
508 459 645 495 electus,
676 465 712 488 ut
728 459 866 489 timidus
891 459 990 500 plane
1006 466 1106 499 atque

100 504 265 545 indignus
279 503 442 532 recusasti
458 501 547 532 illud
562 514 657 539 onus,
689 502 857 534 excedens
872 505 1037 534 nimirum
1053 503 1108 533 vi—

100 558 153 578 res
175 557 258 584 tuas,
274 554 467 577 nostrarum
484 545 574 576 haud
589 548 731 589 ignaras,
748 555 901 578 causatus
916 556 1048 578 metum
1063 546 1107 577 oi)

99 593 250 623 filiorum
264 598 402 622 tuorum
419 591 574 628 salutem,
602 592 659 632 qui
686 593 800 622 leones
831 592 918 628 sacti,
945 604 962 622 a
978 600 1019 630 te,
1034 593 1108 622 t'an—

99 647 203 677 quam
219 637 360 677 fugitiva
377 644 477 676 atque
492 637 692 667 astutissima
716 637 829 678 vulpe,
848 635 1109 678 degenerarunt,

100 681 252 721 adeoque
268 693 285 711 a
300 679 477 710 redeundo
501 680 544 711 ad
559 688 589 710 te
604 680 798 718 abhorrent,
829 683 980 712 nolentes
1008 681 1107 722 fugae

101 733 174 756 tuae
189 726 454 767 rapinarumque
472 732 606 756 tuarum
621 724 701 755 socii
716 732 813 767 atque
832 726 1008 767 participes
1023 725 1107 761 fieri,

101 771 179 800 etin
196 780 317 800 manus
332 777 459 799 nostras
476 768 589 800 denuo
618 768 786 801 incidere:
817 769 903 800 hanc
918 777 1033 801 autem
1048 781 1106 811 pa-

102 815 203 845 triam
219 814 295 850 sibi,
319 825 447 854 nosque
464 821 620 855 parentes
636 815 821 855 elegerunt.
855 815 925 845 lam
943 824 1022 844 vero
1038 824 1106 843 ces-

100 867 193 890 sante
209 859 430 890 excusationis
448 868 558 894 causa‚
575 869 676 895 arma,
692 857 732 898 (si
749 865 878 889 tantum
897 857 955 888 tibi
972 865 1022 888 est
1036 858 1107 888 ani—

99 905 166 943 mi)
183 904 217 934 in
233 914 293 934 nos
309 912 388 944 cape
399 925 407 938 ‚
437 909 468 932 et
483 902 758 933 infelicissimum
786 903 918 944 percipe
945 902 1107 937 fructum.

101 955 137 978 ut
153 946 296 989 pendeas
313 957 352 978 ex
365 945 485 976 iisdem
502 947 567 977 illis
583 945 755 977 Minervae
771 948 864 984 oleis,
879 958 961 988 quas
976 957 1108 977 crema-

101 992 152 1029 sti,
170 1000 202 1022 et
217 1003 233 1022 e
251 990 384 1032 quibus,
402 992 466 1021 vita
483 991 551 1028 illa,
567 1002 668 1031 quam
684 990 743 1021 tibi
760 990 802 1020 ob
817 991 970 1032 coniugis
985 998 1060 1021 tuae
1077 997 1109 1019 et

99 1037 293 1078 supplicum
307 1035 531 1066 antistitarum
547 1045 661 1076 preces
678 1035 890 1070 donavimus,
914 1035 1109 1077 indignissi-

99 1092 190 1119 mus,
207 1081 446 1111 semimortuus
462 1078 591 1110 ablatus
607 1090 651 1117 es,
669 1087 701 1110 et
713 1081 803 1117 veni,
830 1079 1108 1121 quandoquidem

100 1126 167 1156 iam
183 1125 275 1155 corvi
302 1124 520 1165 reliquaeque
546 1136 623 1155 aves
639 1135 774 1166 rapaces
791 1124 945 1154 cadaveri
976 1131 1032 1154 tuo
1050 1124 1111 1153 in·

102 1170 209 1200 hiant.

148 1235 391 1268 CATANAEI
407 1233 771 1311 ΜΑΒΥῙΓΕΥιξΣἏὲὂΆΤ
759 1235 982 1267 ANARCHO
1004 1235 1068 1266 ET*

575 1295 583 1309 ι
588 1279 634 1309 Ar

190 1343 316 1376 XLIV.
345 1345 556 1378 Revocamus
571 1354 604 1376 te
619 1358 634 1375 a
650 1348 780 1390 templo
802 1355 833 1379 et
860 1348 936 1378 luco
964 1346 1109 1379 Vulcani

101 1391 257 1428 Aetnaei,
274 1389 331 1420 ubi
347 1398 416 1422 toto
432 1391 485 1422 die
500 1398 564 1421 stas
580 1392 704 1422 otiosus
726 1403 764 1422 ac
785 1400 948 1423 moestus.
995 1392 1108 1423 Tanto

102 1448 179 1467 sane·
197 1444 342 1478 tyranno
358 1436 497 1478 indigna
513 1447 565 1466 res
593 1444 650 1472 est,
677 1447 777 1476 super
804 1436 943 1468 mortuis
972 1437 1111 1468 inutiles

102 1481 245 1512 fundere
261 1460 450 1512 lacrimas-e
459 1481 549 1512 Num
573 1480 664 1510 hisce
680 1481 720 1511 ab
737 1482 858 1523 Elysiis
873 1482 1020 1513 revocari
1033 1493 1110 1523 pos-

103 1537 136 1556 se
153 1524 261 1555 credis
274 1523 289 1554 ’ἶ
317 1523 483 1566 Sepulcro
513 1536 573 1555 suo
590 1524 768 1556 eonditum
783 1527 937 1568 relinque
963 1526 1108 1568 Polipuli

104 1571 150 1600 tui
166 1568 317 1606 cadaver,
335 1569 462 1600 factum
480 1571 544 1600 iam
557 1569 731 1611 putridum
747 1581 783 1600 ac
798 1572 972 1612 pestilens:
985 1571 1021 1600 in
1037 1571 1110 1612 ipso

104 1625 195 1644 emin
211 1613 328 1657 proelii
355 1613 472 1645 ardore
500 1623 657 1645 mortuus
679 1616 824 1656 gloriose
849 1617 941 1653 vivit,
970 1623 1005 1646 tu
1031 1626 1109 1645 vero

104 1660 246 1700 gloriam
262 1659 333 1690 eius
349 1659 467 1701 lugere
493 1659 629 1691 videris.
691 1659 779 1691 Veni
798 1662 910 1702 itaque
924 1660 967 1691 ad
982 1666 1111 1702 specta·
