1238 1888
188 70 418 103 BIBLIOTH.
435 69 558 102 HIST.
576 69 662 101 LIB.
681 69 813 102 XVIII.
831 70 937 103 CAP.
954 76 1015 111 39,
1064 78 1109 111 65

96 141 164 177 τῶν
183 136 224 174 δ’
244 136 318 175 ἄνω
336 139 559 187 σατραπειῶν
578 139 869 185 Μεσοποταμίαν
886 140 950 186 μὲν
968 140 1030 176 καὶ
1049 142 1111 185 τὴν

93 190 286 242 Ἀρβηλῖτιν
301 191 523 242 Ἀμφιμάχῳ,
561 195 625 238 τὴν
656 194 692 230 δὲ
719 196 957 241 Βαβυλωνίαν
983 197 1111 232 Σελεύ-

94 265 154 299 κῳ,
170 247 350 298 Ἀντιγόνῳ
369 250 406 286 δὲ
423 252 485 295 τὴν
498 251 711 294 Σουσιανὴν,
735 251 795 285 δια
815 252 852 286 τὸ
870 252 999 287 τοῦτον
1019 254 1111 300 πρῶ·

92 321 154 343 τον
180 309 406 351 πεποιῆσθαι
434 307 496 351 τήν
523 306 582 342 ἐπὶ
608 306 669 341 τὸν
692 306 896 353 Περδίκκαν
933 309 1107 350 ἐπίθεσιν,

93 365 276 411 Πευκέστῃ
297 362 332 398 δὲ
352 364 414 408 τὴν
435 363 609 410 Περσίδα,
643 363 857 410 Τληπολέμῳ
873 362 909 398 δὲ
929 364 992 407 τὴν
1007 369 1109 412 Καρ-

90 420 234 465 μανίαν,
259 418 416 455 Πὺθωνι
436 419 471 453 δὲ
492 418 655 462 Νῐηδίαν,
683 419 846 466 Φιλίππῳ
865 418 900 454 δὲ
921 421 984 464 τήν
1004 425 1107 468 Παρ-

91 476 252 517 θυαίαν,
288 471 398 521 Ἀρίαν
426 475 463 509 δὲ
491 474 550 509 καὶ
576 475 784 522 Δραγγίνην
814 474 1034 522 Στασάνδρῳ
1062 477 1108 523 τῷ

90 531 260 578 Κυπρίῳ·
281 532 343 575 τήν
364 530 400 564 δὲ
415 530 642 578 Βακτριανήν
661 529 722 565 καὶ
742 529 947 576 Σογδιανήν
966 533 1107 567 Στασά-

91 599 169 634 νορι
189 588 234 633 τῷ
243 587 369 632 Σολίῳ,
384 583 456 619 ἀπὸ
476 587 537 629 τῆς
554 582 662 628 αὐτῆς
682 582 758 620 ὄντι
774 587 896 629 νήσου.
918 592 1103 633 Παροπα-

86 641 240 687 μισάδας
259 641 295 675 δὲ
311 638 480 687 Ὀξυάρτῃ
510 640 719 687 προσώρισε,
750 642 794 687 τῷ
809 637 978 686 Ῥωξάνης
996 643 1104 690 πατρὶ

88 699 148 741 τῆς
163 694 386 744 Ἀλεξάνδρου
403 697 580 742 γυναικὸς,
593 698 651 739 τῆς
661 696 697 731 δὲ
713 694 859 741 Ἰνδικῆς
877 699 920 732 τά
938 698 1002 743 μὲν
1022 712 1103 734 συν-

87 753 249 800 ορίζοντα
279 750 626 800 Παροπαμισάδαις,
660 751 816 788 Πύθωνι
841 754 887 800 τῷ
902 750 1102 801 Ἀγήνορος·

87 810 148 849 τοὶς
174 805 211 843 δ’
231 810 394 854 ἐχομένας
413 808 605 851 βασιλείας,
634 809 696 852 τήν
713 810 776 854 μὲν
796 811 892 856 παριὶ
915 811 976 844 τὸν
992 807 1105 846 Ῑιδὸν

86 865 260 910 ποταμὸν,
273 864 399 931 Πώρῳ,
421 866 484 909 τὴν
503 864 539 899 δὲ
557 866 656 912 παρα
673 865 734 899 τὸν
749 862 935 908 Ὑδάσπην,
962 871 1033 903 Τζα
1020 868 1098 914 “’,ι’λῃ

85 916 129 955 οὗ
145 922 214 966 γάρ
236 920 276 964 ἠν
295 919 445 963 τούτους
470 920 553 961 τοὺς
570 921 728 967 βασιλεῖς
745 924 977 966 μετακιιῆσαι
1000 923 1104 970 χωρὶς

86 976 272 1022 βασιλικῆς
293 976 481 1022 δυνάμεως,
505 991 564 1011 και
587 974 772 1024 ἧγεμοιίας
792 979 1000 1022 ἐηιᾳαιοῖς.
1039 980 1102 1014 τῶν

87 1031 124 1066 δὲ
144 1034 232 1079 πρὸς
251 1034 313 1076 τὴν
339 1029 471 1080 ἄρκτον
488 1034 713 1079 κεκλιμένων,
751 1033 1024 1069 Καππαδοκίαν
1040 1035 1104 1080 μὲν

88 1088 276 1136 Νικάνορι,
306 1089 468 1134 Φρυγίαν
489 1088 526 1123 δὲ
543 1089 607 1132 τήν
624 1090 780 1134 μεγάλην
798 1088 859 1124 καὶ
877 1090 1019 1125 Λυκίαν
1036 1087 1104 1125 Ἀν-

87 1144 233 1190 τιγόνῳ,
273 1145 443 1190 καθάπερ
464 1145 636 1190 πρότερον
655 1144 747 1188 ἔσχε,
776 1145 921 1191 Καρίαν
942 1145 977 1180 δὲ
995 1151 1103 1182 Κασ-

86 1198 240 1245 σάνδρῳ,
260 1198 405 1236 Λυδίαν
426 1198 461 1233 δὲ
480 1201 627 1246 Κλείτῳ,
646 1199 807 1249 Φρυγίαν
829 1199 863 1234 δὲ
883 1201 946 1243 τήν
965 1198 1101 1246 ἐφ’Ἕλ-

85 1251 269 1302 λησπόντῳ
291 1251 484 1302 Ἀρῥιδαίῳ.
541 1256 741 1303 στρατηγὸν
771 1255 806 1290 δὲ
834 1257 892 1300 τῆς
916 1257 1102 1303 βασιλικῆς

86 1309 265 1356 δυνάμεως
291 1308 432 1350 απέδειξ
432 1323 466 1345 εν
491 1306 707 1358 Ἀντίγονον,
747 1311 773 1358 ᾧ
794 1315 1100 1359 προστεταγμένον

85 1365 128 1409 ἦν
155 1368 449 1411 καταπολεμῆσαι
471 1363 613 1413 Εὐμένη
642 1381 676 1402 τε
696 1365 756 1402 καὶ
779 1364 953 1403 Αλκέιαν·
991 1372 1098 1418 παρέ-

83 1422 160 1462 ζευξ
160 1435 175 1455 ε
202 1422 239 1457 δὲ
259 1423 305 1468 τῷ
329 1418 510 1469 Αντιγόνῳ
530 1423 714 1470 χιλίαρχον
740 1425 802 1459 τὸν
826 1422 905 1458 υῖόν
923 1426 1098 1461 Κάσσαν-

83 1476 178 1524 δρον,
199 1491 292 1519 οπως
310 1480 357 1523 μή
379 1477 527 1522 δύνηται
547 1478 734 1515 διαλαθεῖν
753 1477 984 1526 ἰδιοπραγῶν.
1033 1478 1097 1516 αὖ·

82 1532 139 1574 τός
157 1532 192 1569 δὲ
211 1534 295 1574 τοὺς
311 1534 470 1579 βασιλεῖς
496 1532 685 1581 ἀναλαβὼν
705 1534 766 1570 καὶ
794 1537 854 1580 τήν
874 1533 970 1571 ἰδίαν
990 1536 1099 1573 δύνα-

78 1602 161 1634 μιν,
198 1592 353 1638 προῆγεν
378 1589 436 1626 ἐπὶ
464 1591 526 1635 τὴν
553 1591 806 1633 Μακεδονίαν,
837 1593 996 1634 κατάξων
1014 1594 1094 1634 τούς

78 1644 237 1687 Βασιλεῖς
255 1645 313 1682 ἐπὶ
333 1646 396 1690 τήν
415 1646 584 1695 πατρίδα.

126 1699 234 1731 Βιοι).
251 1699 291 1731 Τ.
308 1700 353 1732 V.
833 1706 862 1735 E
