1238 1888
197 81 430 118 BIBLIOTH.
445 78 566 112 fflsT.
582 76 665 110 Lm.
683 74 760 108 xx
778 72 876 105 CAP.
892 75 953 110 93.
1023 73 1097 108 411

89 156 251 207 αἰγιαλὸν
270 152 421 200 κομίζων
437 147 646 194 ἐνεπύριζεν,
667 144 893 190 ἐκλεγόμενος
903 142 969 176 τῶν
981 138 1097 185 σωμά-

88 227 156 250 των
173 213 218 248 τά
234 208 496 258 χρησιμώτατα.
534 200 598 238 οὒκ
619 199 721 249 ὀλίγα
742 199 778 234 δέ
801 199 867 234 τῶν
887 196 1098 242 κομιζόντων

89 271 172 310 τοὺς
180 270 217 303 ἐκ
231 268 292 311 τῆς
302 265 414 308 νήσου
424 261 580 309 καρποὺς
590 252 917 304 κατήγαγενεῖςτήν
932 249 1100 298 πατρίδα.

93 324 305 369 Μενέδημος
316 321 352 356 δὲ
371 320 474 367 τριῶν
485 314 736 363 ἀφηγούμενος
745 309 982 360 τριημιολιῶν,
997 305 1102 341 πλεύ-

93 395 156 422 σας
190 381 251 422 τῆς
275 377 415 417 Λυκίας
440 373 498 409 ἐπὶ
525 373 570 407 τιὶ
595 371 770 417 Πάταρα,
809 365 870 401 καὶ
889 360 1103 408 καταλαβὼν

94 436 279 484 ὁρμοῦσαν
297 433 398 472 ναῦν,
419 431 482 465 τοῦ
503 426 736 474 πληρώματος
754 421 811 458 ἐπὶ
829 423 889 465 τῆς
907 422 969 468 γῆς
988 417 1102 458 ὄντος,

92 492 275 538 ἐνεπύρισε
294 490 333 523 τό
354 487 510 532 σκάφος·
534 483 653 519 πολλοὶ
675 479 709 515 δὲ
731 481 839 515 πλοῖα
859 478 926 511 τῶν
947 474 1107 519 κομιζόν-

93 562 163 584 των
189 547 253 590 τὴν
277 543 413 592 ἀγοράν
439 540 497 577 ἐπὶ
523 540 562 574 τὸ
583 534 823 585 στρατόπεδον
842 531 1025 578 ὑποχείρια
1045 530 1108 564 λα-

95 605 182 652 βὼν,
200 600 435 643 ἐξαπέστειλεν
455 595 500 638 εἰς
518 596 580 639 τὴν
595 591 731 628 Ῥόδον.
769 586 834 625 εἷλε
855 588 890 623 δὲ
910 586 968 622 καὶ
988 585 1110 633 τετρή-

97 675 140 708 ρη
160 660 338 695 πλέουσαν
355 655 418 701 μὲν
437 655 473 688 ἐκ
493 653 553 694 τῆς
570 648 745 688 Κιλικίας,
774 645 924 689 ἔχουσαν
945 642 982 676 δὲ
1000 642 1112 683 ἐσθῆ-

97 730 141 752 τα
160 712 350 762 βασιλικὴν
368 708 429 745 καὶ
449 708 510 752 τὴν
530 702 637 748 ἄλλην
658 701 879 744 ἀποσκευήν,
915 694 957 741 ἣν
981 693 1001 741 ἡ
1020 695 1111 743 γυνή

100 770 308 817 Δημητρίου
348 766 440 802 Φίλα
475 758 799 808 παρασευασαμένη
838 753 1111 801 φιλοτιμότερον

99 825 316 863 ἀπεστάλκει,
330 820 466 869 τάνδρί.
503 818 565 852 τὸν
583 816 646 863 μὲν
664 807 728 850 οὖν
748 811 937 858 ἱματισμὸν
954 807 1114 845 ἀπέστει-

99 885 156 918 λεν
175 880 224 923 εἷς
240 881 437 928 Αἴγυπτον,
462 871 578 909 οὖσῶν
598 873 665 906 τῶν
685 869 818 905 στολῶν
839 865 1032 914 ἁλουργῶν,
1054 862 1114 898 καὶ

99 939 242 986 βασιλεῖ
274 936 400 983 φορεῖν
419 929 648 979 πρεπουσῶν·
669 926 732 970 τήν
752 925 787 960 δὲ
806 924 895 958 ναῦν
914 920 1112 963 ἐνεώλκησε,

103 993 167 1030 καὶ
189 993 275 1034 τοὺς
293 990 426 1030 ναύτας
445 985 612 1027 ἀπέδοτο,
634 982 715 1022 τοὺς
734 978 760 1015 τ’
781 982 818 1015 ἐκ
836 981 896 1022 τῆς
914 976 1114 1024 τετρήρους,

104 1050 166 1085 καὶ
200 1048 283 1088 τοὺς
310 1049 346 1082 ἐκ
370 1046 437 1080 τῶν
462 1039 576 1078 ἄλλων
601 1039 733 1074 πλοίων
761 1037 828 1071 τῶν
848 1034 1013 1070 ἁλόντων.
1051 1031 1119 1066 τῶν

108 1102 144 1141 δ’
196 1102 403 1139 ὑπολοίπων
447 1099 531 1133 νεῶν
573 1096 678 1142 τριῶν
709 1089 877 1138 Ἀμὺντας
912 1086 1119 1136 ἡγούμενος,

107 1161 271 1197 ἔπλευσεν
289 1156 348 1193 ἐπὶ
366 1156 491 1200 νήσων,
527 1149 585 1187 καὶ
611 1150 754 1188 πολλοῖς
773 1146 910 1186 πλοίοις
929 1142 1122 1190 περιτυχὼν

109 1217 295 1263 κομίζουσι
313 1214 358 1249 τὰ
376 1211 464 1260 πρὸς
482 1211 545 1248 τας
568 1201 727 1252 μηχανάς
746 1201 946 1248 ἁρμόζοντα
966 1200 1039 1239 τοῖς
1056 1211 1122 1233 πο-

107 1272 252 1318 λεμίοις,
272 1265 296 1304 ἃ
314 1269 379 1316 μὲν
399 1263 513 1302 αὐτῶν
533 1262 734 1302 κατέδυσεν,
754 1255 776 1293 ἃ
797 1258 833 1292 δὲ
860 1256 1059 1302 κατήγαγεν
1078 1250 1124 1294 εἷς

112 1330 176 1373 τήν
204 1328 326 1362 πόλιν·
360 1327 396 1360 ἐν
422 1317 474 1363 οἷς
492 1321 649 1356 ἑάλωσαν
676 1313 736 1351 καὶ
754 1315 907 1358 τεχνῖται
936 1312 1004 1346 τῶν
1024 1308 1124 1351 ἄξιο-

113 1385 247 1430 λόγων,
276 1380 339 1417 καὶ
358 1380 445 1426 πρὸς
459 1377 541 1423 βέλη
563 1372 623 1410 καὶ
642 1372 859 1410 καταπέλτας
877 1369 944 1403 τῶν
962 1365 1126 1414 ἐμπειρίᾳ

116 1439 359 1487 διαφερόντων
378 1433 512 1471 ἕνδεκα.
547 1429 634 1477 μετὰ
647 1429 683 1464 δὲ
701 1428 813 1462 ταῦτα
833 1425 1016 1468 ἐκκλησίας
1035 1434 1126 1457 συν-

116 1495 300 1540 αχθείσης,
313 1487 570 1538 συνεβούλευόν
582 1498 670 1527 τινες
680 1484 740 1524 τὰς
751 1480 888 1521 εἰκόνας
899 1481 959 1520 τοὶς
975 1475 1126 1524 Ἀντιγό-

116 1564 183 1588 νου
202 1549 263 1586 xa}
277 1546 487 1595 Δημητρίου
504 1541 745 1582 κατασπάσαι,
768 1538 882 1573 δεινὸν
901 1531 993 1570 εἶναι
1011 1533 1130 1581 λέγον-

118 1622 172 1647 τες
190 1610 226 1642 ἐν
242 1607 306 1653 ἴσῳ
326 1604 506 1651 τιμᾶσθαι
522 1598 603 1640 τούς
622 1595 902 1644 πολιορκοῦντας
910 1593 984 1631 τοῖς
997 1586 1130 1637 εὐεργέ-

117 1677 206 1703 ταις.
250 1657 303 1707 ἐφ’
323 1656 375 1700 οἷς
392 1658 414 1695 ὅ
434 1657 542 1703 δῆμος
568 1652 828 1701 ἀγανακτήσας,
849 1647 990 1688 τούτοις
1006 1645 1068 1692 μὲν
1088 1641 1131 1684 ὣς

116 1717 389 1767 ἁμαρτάνουσιν
424 1712 627 1758 ἐπετίμησε·
681 1710 748 1744 τῶν
775 1706 811 1741 δὲ
835 1704 914 1753 περὶ
934 1700 1132 1749 Ἀντίγονον
