1238 1888
423 19 802 54 EPISTOLAE.
1045 23 1118 60 275

105 100 208 123 naves
225 96 361 129 vesti-as,
388 87 507 120 eadem
536 89 592 121 illa
622 97 758 120 onustas
787 86 922 131 praeda,
950 89 1116 130 cepimus,

104 144 140 168 et
154 133 296 168 Nobiles
311 142 437 165 vestros
453 141 598 166 armatos
613 135 744 176 proelio
762 135 918 165 vicimus.
965 132 1116 164 Navium

104 181 220 218 altera,
235 190 321 221 quae
337 179 434 211 nobis
455 190 526 210 sese
546 177 693 216 dedidit,
721 189 799 210 mox
818 187 930 210 autem
946 187 1114 210 exarmata

103 225 223 267 figam
237 225 392 267 arripuit,
409 231 440 255 et
454 236 470 255 a
486 232 598 256 nostra
615 224 794 255 ciemeutia
810 222 852 255 ad
868 234 924 255 vos
935 233 1005 254 sese
1020 233 1116 253 rece-

103 270 166 312 pit,
184 281 247 301 una
263 270 297 300 in
315 270 540 311 captivitatem
569 269 682 301 avexit
710 276 904 300 nostrorum
932 267 1114 298 hominum

101 315 234 357 ligones
250 325 287 346 ac
303 324 470 352 vomeres,
487 315 518 345 iu
536 314 771 346 testimonium
802 314 901 356 fugae
922 324 1015 351 suae,
1043 323 1111 343 no-

101 368 259 401 straeque
287 358 442 391 fiduciae.
504 356 582 391 Sint
596 370 673 390 saue
691 358 724 389 hi
743 359 835 390 vobis
851 357 1039 390 Rhetorices
1056 368 1113 388 ve-

100 412 186 435 strae
204 412 304 445 atque
319 405 452 447 rapinae
470 412 664 447 tropaeum:
694 415 786 434 arma
816 409 922 435 vestra
952 402 1049 434 nobis
1065 403 1112 434 vi-

100 451 223 480 ctoriae
246 457 376 480 nostrae
400 457 508 480 eruut.
571 447 674 491 Quod
703 448 918 491 Megarenses
944 448 1046 478 vestri
1076 448 1110 478 in

99 493 203 524 fidem
233 501 382 525 nostram
399 505 603 530 concessere,
621 493 654 525 id
683 495 786 525 armis
813 494 933 524 nostris
954 493 1109 524 effectum

98 547 165 578 θεὶς
194 550 278 570 uova
294 546 408 569 autem
425 539 528 581 ipsius
546 538 637 570 urbis
653 537 781 570 deditio
803 537 900 568 nobis
924 538 1016 575 saeta,
1045 549 1110 568 vo—

98 585 241 615 luntaria
258 584 332 621 fuit,
349 595 416 614 non
447 592 542 626 pacto
558 585 640 621 ulio,
668 591 726 614 aut
753 581 937 614 earundem
968 583 1108 624 frugum

96 629 216 671 pretio,
233 636 269 659 ut
283 640 342 670 per
362 629 474 660 literas
502 627 596 659 nobis
610 627 825 672 exprobratis,
854 639 870 658 a
888 627 986 658 nobis
1008 635 1106 664 emta,

96 674 310 715 cupientibus
327 674 420 704 istius
436 673 529 704 urbis
547 673 677 704 civibus
693 686 708 703 a
738 673 818 715 iugo
842 672 1031 715 tyrannidis
1047 683 1106 703 ve·-

95 726 182 749 strae
199 718 347 757 liberari,
364 719 466 760 inque
482 727 614 750 nostrae
641 718 804 750 libertatis
832 719 1028 749 societatem
1043 716 1105 748 sub

93 772 203 794 nostra
230 764 438 805 protectione
466 764 582 806 recipi.
628 763 742 804 Quare
771 764 796 793 si
812 764 902 804 pacis
923 764 999 794 estis
1017 773 1103 792 cou—

92 817 291 846 servatores‚
306 807 381 838 aliis
397 819 470 838 eam
488 809 593 839 nolite
609 809 747 851 eripere,
765 809 844 849 quin
864 815 971 838 vestro
993 808 1104 850 potius

95 853 192 883 vivite
208 853 370 890 contenti,
400 864 511 894 neque
539 854 571 883 in
602 852 779 884 homiuem
807 853 956 884 liberum
984 859 1102 883 natum

92 898 216 938 ullum,
231 896 426 929 dominium
443 898 536 929 vobis
553 899 715 939 quaerite,
733 909 774 928 ne
801 898 938 928 tutrices
967 897 1100 928 Neme-

89 954 164 974 seos
185 950 319 974 nostrae
334 943 421 974 vires
437 951 671 985 provocantes,
700 943 838 975 ultrices
868 943 958 974 Deae
988 943 1051 974 iras
1067 944 1101 973 in

88 987 190 1018 armis
206 988 327 1019 nostris
343 989 578 1030 experiamini.

89 1053 305 1087 sr-:NATUS
332 1053 678 1087 CATANENSNJM
712 1053 1098 1095 CHRYSOSTRATO,

301 1100 378 1131 REI
403 1099 641 1132 MlLlTARiS
668 1099 880 1132 PfliNcit‘l.

362 1157 476 1199 Epist.
491 1156 529 1187 X
531 1157 567 1187 Χ
588 1155 692 1188 Libri
699 1155 820 1199 primi.

175 1210 221 1242 ΙΙ.
250 1213 288 1244 ln
318 1212 471 1250 homine,
497 1213 716 1254 quantumvis
743 1211 885 1243 honesto
914 1222 949 1243 ac
976 1212 1096 1255 probo,

84 1266 219 1298 semper
234 1256 347 1299 aliqua
361 1257 530 1300 reperitur
553 1257 778 1300 imperfectio.
830 1257 920 1288 Bello
952 1265 982 1287 te
1009 1264 1098 1289 stre-

85 1312 194 1333 nuum
222 1301 364 1344 aliisque
392 1303 575 1334 virtutibus
603 1301 798 1346 praeditum
835 1302 1007 1340 novimus,
1036 1302 1097 1334 sed

85 1345 185 1378 valde
202 1345 282 1378 haec
298 1347 413 1379 omnia
423 1346 697 1380 obscuranturab
709 1360 743 1379 a»
751 1347 846 1378 aritia
857 1356 924 1384 tua,
941 1347 982 1379 ad
993 1359 1097 1390 quam

84 1391 160 1433 plus
175 1392 280 1422 semel
297 1392 364 1423 iam
378 1392 475 1423 certis
491 1391 532 1423 de
544 1394 652 1424 causis
662 1393 843 1424 connivere
860 1393 1000 1435 placuit:
1017 1405 1098 1424 nam

83 1435 232 1468 iudicem
248 1444 279 1468 te
295 1437 407 1479 ipsum
423 1438 630 1469 constituens
645 1439 862 1481 propriorum
883 1438 1099 1480 meritorum,

84 1491 121 1511 :ic
138 1489 248 1513 nostra
263 1482 499 1514 benevolentia
530 1483 675 1515 nimium
703 1483 867 1520 confisus,
895 1494 963 1513 non
982 1482 1097 1514 solum

84 1537 153 1558 non
184 1528 372 1569 participes,
401 1526 590 1558 secundum
626 1529 790 1570 cuiusque
823 1528 943 1558 merita
955 1552 962 1564 ,
994 1528 1096 1560 totius

83 1570 244 1614 praedae,
263 1579 299 1603 ut
314 1571 372 1603 tibi
389 1573 596 1614 scripsimus,
625 1572 730 1604 fecisti
759 1573 879 1615 proelii
906 1574 1022 1612 socios,
1058 1584 1097 1604 ac

83 1616 222 1659 pedites,
239 1628 323 1659 quos
339 1618 498 1658 regimini
517 1625 574 1648 tuo
590 1618 839 1656 commisimus,
856 1615 913 1648 sed
930 1617 990 1649 tibi
1007 1629 1094 1656 eam,

85 1662 148 1698 rel,
165 1663 212 1694 uti
227 1673 300 1694 rem
316 1673 464 1703 excusas,
479 1663 680 1706 reipublicae
696 1663 884 1694 reservasti.
907 1662 1097 1695 Laboribus

772 1705 841 1739 52
