1238 1888
124 98 200 134 322
450 91 655 125 DIODORI
671 91 826 126 SICULl

123 161 233 193 citatis
247 161 493 203 Syracusanae:
508 160 568 192 sed
583 161 781 193 adornatam
794 172 871 192 eam
885 161 1026 194 mallem
1040 163 1138 196 unico

121 208 317 237 ramusculo
332 206 496 237 fertilium
510 206 679 237 olivarum
695 204 948 245 Catanensium,
965 218 1048 248 quas
1065 208 1137 239 Mi-

80 278 81 281 ,
122 262 225 283 nerva
240 249 386 282 catanae
407 251 591 293 plantavit,
622 261 727 291 quam
747 250 866 282 multis
886 251 1008 293 palmis
1028 252 1135 283 subli-

121 295 234 327 mibus
246 318 255 333 ,
285 307 371 338 quae
384 306 444 338 per
459 295 611 327 Siciliam
625 293 849 326 insoecundae
865 303 961 334 suut,
987 305 1047 328 aut
1058 297 1135 329 fru-

121 348 215 372 ctum
230 349 404 373 austerum
418 341 545 371 ferunt.
1101 342 1105 346 “

196 428 414 462 SENATUS
440 428 753 470 POPULUSQUE
776 427 1062 465 CATANAEUS

510 473 743 506 MAMERCO

209 539 318 574 LXV.
351 540 481 573 Gratias
504 542 561 573 tibi
580 553 647 572 non
661 552 783 583 pancas
798 541 865 584 agit
880 540 1046 574 Catauaea
1060 555 1130 574 res-

119 585 268 629 publica,
286 585 377 628 quod
393 586 433 619 ab
449 585 649 617 exercitibus
665 593 696 617 et
710 586 813 617 classe
824 584 1055 629 Syracusanis,
1071 598 1135 619 nec

119 642 187 662 non
203 643 220 663 a
236 633 417 664 coniuratis
432 642 502 662 sese
517 631 678 662 liberasti.
724 630 788 662 Per
800 639 833 662 te
847 629 968 662 divites
982 632 1056 663 facti
1071 645 1133 664 su-

117 687 194 707 mus
216 675 356 718 praeda,
387 678 510 719 gloria,
539 674 677 717 aliisque
698 675 818 713 rebus,
846 675 969 717 quibus
984 676 1132 708 humana

117 721 233 751 crescit
258 721 406 752 felicitas.
446 721 569 764 Recipe
597 721 710 762 itaque
737 731 799 763 pro
827 719 891 751 hoc
916 728 1068 764 tempore
1096 723 1131 753 in

115 773 249 807 partem
263 767 419 807 praemii,
450 765 492 796 ob
507 776 559 797 res
574 776 592 795 a
607 772 638 796 te
655 773 723 797 tam
738 765 907 807 praeclare
922 773 1040 807 gestas,
1067 766 1132 797 hoc

113 820 332 852 nequaquam
361 812 525 853 exiguum
552 809 675 848 decuS‚
704 810 844 841 titulum
865 809 1067 849 Archontis,
1095 821 1135 842 ac

115 855 269 897 Tyranni
291 854 455 897 Augusti,
484 866 563 885 cum
593 853 712 885 decem
741 855 851 896 equis,
879 862 1009 897 septem
1036 856 1131 886 sellis

115 898 298 941 chalybeiS,
321 911 404 931 auro
419 901 569 942 virgatis,
592 899 700 930 tribus
718 906 832 930 autem
848 899 1019 935 eburneis,
1036 899 1129 931 hasta

115 954 180 974 una
196 955 305 982 aurea,
323 946 489 986 argenteis
506 955 585 975 vero
601 943 743 980 duabus,
760 942 850 974 tribu
867 945 1001 975 coronis
1021 945 1129 975 valla-

112 987 224 1027 ribus,
254 987 456 1030 duabusque
473 987 664 1020 muralibus
676 1012 684 1026 ,
713 987 844 1019 duabus
858 989 987 1025 civicis,
1017 996 1049 1019 et
1062 999 1130 1020 uua

112 1033 237 1070 navali,
258 1032 386 1071 bilibri,
409 1044 524 1064 aurea:
553 1039 586 1063 et
600 1045 616 1064 a
632 1032 744 1070 rebus,
765 1043 834 1062 non
849 1032 974 1063 minori
988 1032 1130 1064 fortitu-

114 1076 193 1108 dine
210 1078 245 1108 in
261 1086 436 1119 posterum
451 1077 622 1120 gerendis,
638 1082 719 1107 c'um
732 1076 831 1107 bonis
845 1075 963 1107 avibus
977 1085 1130 1119 exspecta

115 1121 343 1164 triumphum,
372 1133 499 1160 arcum,
529 1130 560 1153 et
576 1129 712 1160 statuas,
740 1128 841 1164 prout
853 1120 934 1152 libri
949 1120 1076 1161 fatales»,
1099 1129 1131 1152 et

114 1167 246 1198 oracula
262 1167 356 1198 nobis
371 1166 585 1209 promittunt.

158 1253 305 1288 DICTA
325 1257 387 1288 ET
407 1254 566 1288 FACTA
586 1255 813 1287 VETERUM
840 1253 1083 1288 CATANEN-

420 1299 537 1332 SlUM
560 1298 828 1333 NOTABILIA.

203 1370 384 1401 sollicitati
412 1367 617 1400 Catanenses
653 1381 670 1399 a
696 1367 892 1400 civitatibus
917 1369 1126 1411 populisque

111 1415 302 1451 foederatis,
325 1415 528 1457 Syracusani
543 1414 691 1444 nominis
708 1413 868 1452 inimicis,
890 1421 929 1445 ut
941 1413 1124 1445 stabilitam

111 1470 239 1502 pacem,
264 1470 368 1500 quam
383 1470 462 1490 cum
479 1457 695 1502 Syracusanis
711 1456 898 1497 habebant,‘
912 1465 1123 1500 rumperent,

112 1511 144 1535 et
157 1515 228 1535 sese
243 1503 285 1535 ob
300 1512 430 1535 veteres
446 1503 608 1546 quasdam
626 1504 766 1534 offensas
781 1502 1004 1541 vindicarent,
1029 1512 1066 1533 ac
1081 1501 1123 1533 dc

111 1557 207 1580 nocte
222 1550 375 1592 ipsorum
391 1548 510 1579 urbem
525 1548 748 1584 adorirentur,
773 1553 806 1578 et
819 1558 880 1590 per
892 1546 1123 1590 proditionem

110 1603 332 1636 occuparent,
359 1594 446 1625 dum
467 1594 583 1636 positis
604 1593 833 1635 neglectisque
847 1593 950 1625 armis
965 1594 1054 1624 inter
1067 1602 1123 1622 or-

110 1640 161 1680 gia
177 1639 309 1675 Bacchi,
325 1640 487 1680 solitaque
498 1638 589 1681 apud
604 1639 694 1680 ipsos
709 1636 871 1669 celebrari
884 1637 967 1669 festa
981 1636 1125 1668 Vox-aci·-

112 1683 203 1722 tatis,
229 1684 365 1715 divinos
381 1683 527 1715 honores
543 1694 580 1715 ac
596 1683 764 1724 ternplum
779 1682 888 1724 primo
904 1683 948 1714 ibi
961 1691 1121 1712 consecu-

111 1734 173 1765 tae,
188 1730 325 1772 crapula
336 1740 373 1760 ac
381 1740 501 1761 somno
513 1728 656 1760 involuti
667 1729 823 1760 iacerent,
839 1726 903 1758 hoc
917 1735 1121 1768 responsum
