1238 1888
122 76 196 111 318
435 69 639 105 monum
669 69 824 103 smum

123 140 221 178 Veni,
250 146 288 170 ut
303 151 338 170 ea
353 137 554 175 consideres,
571 149 656 180 quae
682 139 802 169 ceteris
830 146 974 170 terrores
1001 149 1040 171 ac
1066 146 1133 171 stu-

121 195 239 228 potem
255 184 434 216 inducunt
451 182 509 214 tibi
527 194 605 214 vero
620 193 658 214 ac
672 182 768 214 nobis
783 183 1047 226 philosophandi
1062 195 1134 216 ma-

121 230 254 261 teriam.
301 229 532 260 Simulacrum
547 227 682 260 Cereris
697 236 837 267 nostrae,
869 227 961 270 quod
988 229 1133 260 aliorum

122 275 230 305 oculis
246 275 389 304 vetitum
405 281 462 312 est,
479 274 544 304 tuis
560 274 629 304 illis
657 273 823 314 religiosis
851 272 1055 305 concedetur
1075 275 1134 305 lu-

122 317 312 350 strandum.

402 405 558 439 PLATO
572 406 856 439 CATANAEIS.

213 474 341 508 LVIII.
368 475 456 507 Bene
485 475 620 512 fecistis,
638 473 807 512 Catanaei,
836 473 928 516 quod
944 475 1101 508 Dionem
1119 489 1136 508 a

122 522 276 564 Dionysii
293 521 407 552 furore
423 521 585 559 salvastis,
602 521 711 550 multo
727 521 853 552 melius
868 519 960 563 quod
975 520 1136 553 Archon-

125 576 192 598 tem
211 577 291 597 eum
307 567 459 597 creastis:
476 577 511 596 ea
528 565 669 596 demum
686 565 854 596 tutissima
886 572 936 596 est
961 566 1137 609 respubli-

122 623 169 650 ca,
185 612 220 642 in
237 622 301 653 qua
317 620 375 642 aut
388 618 512 652 regunt
528 609 738 652 Philosophi,
767 618 825 641 aut
839 617 988 642 rectores
1016 610 1136 653 philo-

121 655 319 698 sophantur.
383 655 523 698 Optime
552 655 698 694 facietis,
727 656 754 685 si
782 656 919 686 maioris
947 655 1137 687 securitatis

122 703 225 744 gratia
241 702 274 732 in
289 701 406 731 locum
421 701 653 739 remotiorem,
669 706 728 731 aut
742 700 904 732 tutiorem
927 698 1137 732 amandave-

122 747 207 784 riti53
248 756 458 787 quamquam
497 746 571 786 quis
611 745 714 775 homo
769 753 827 776 aut
864 744 958 786 quod
1001 745 1136 788 asylum

123 804 137 821 a
155 792 290 833 tyranni
306 790 438 821 insidiis
455 801 615 821 securum
632 788 705 820 est?
733 789 837 820 Plena
865 790 975 820 multo
997 791 1136 821 maiori—

121 838 184 868 bus
200 836 358 878 periculis
373 835 460 866 mihi
475 836 566 876 legia
595 835 702 885 ipsius
713 842 770 872 est,
800 845 901 876 quam
921 834 1044 886 Ulyssi
1072 846 1136 866 an-

122 889 211 912 trum
224 879 456 931 Cyclopeum:
472 879 558 910 mihi
576 880 796 921 perniciosior
805 887 852 909 est
862 879 1008 910 amicitia
1018 880 1136 930 ipsius,

123 924 216 968 quod
243 926 407 967 suspicax,
437 935 540 976 quam
556 922 649 965 quod
676 925 810 956 infirma
828 932 888 954 est.
938 924 1052 966 Quam
1067 925 1136 966 pri-

124 982 220 1001 mum
236 972 347 1012 potius
363 968 405 999 ad
431 981 499 999 mn
502 968 631 999 andum
663 969 798 1000 veniam
826 968 985 1000 divinum
1011 970 1047 1000 in
1078 979 1136 999 vos

125 1023 274 1046 vestrum
291 1013 335 1051 id,
353 1013 443 1055 quod
459 1013 499 1044 ab
515 1025 553 1043 eo
570 1015 654 1044 intra
669 1020 780 1044 totum
795 1013 886 1044 intus
901 1020 960 1053 est,
976 1024 1079 1055 quam
1095 1012 1136 1044 ad

126 1059 263 1091 visenda
278 1059 424 1090 Aetnaea
441 1059 618 1089 miracula.

292 1147 602 1180 CATANENSES
625 1147 825 1180 HIERONI
853 1146 976 1180 REGI.

213 1215 306 1247 LIX.
351 1215 546 1258 Argentum
577 1223 608 1246 et
635 1227 772 1253 aurum,
789 1215 882 1257 quod
910 1227 927 1246 e
955 1214 1137 1248 sudoribus

125 1269 222 1303 atque
250 1262 397 1292 lacrimis
425 1261 537 1298 stillat,
567 1272 702 1303 semper
722 1261 908 1303 liquidum,
937 1260 1076 1299 salsum,
1107 1268 1137 1292 et

123 1306 306 1337 obscurum
329 1313 389 1337 est.

345 1394 491 1428 HlERO
512 1395 603 1428 REX
631 1394 914 1428 CATANAEIS.

213 1464 286 1497 LX.
317 1465 393 1496 Mea
423 1464 506 1495 nihil
545 1463 663 1502 refert,
707 1462 809 1495 modo
835 1464 876 1495 ab
904 1462 1048 1495 humido
1077 1464 1136 1495 illo

127 1511 289 1548 hauriam,
306 1509 399 1552 quod
413 1510 499 1545 sitio,
532 1521 549 1540 a
574 1509 658 1540 salso
678 1511 822 1540 salutem
851 1521 975 1543 meam.
1003 1510 1044 1541 ab
1072 1508 1133 1540 ob-

126 1567 221 1588 scwro
237 1555 469 1598 splendorem.
