1238 1888
105 47 179 84 284
422 44 616 78 DIODORI
645 45 798 80 SICULl

106 111 414 145 CATANENSES
440 113 828 146 MESSANENSIBUS
851 115 913 148 ET
935 117 1098 149 TAUHO

475 159 750 191 MEMTAMS.

365 226 484 268 Epzst.
500 226 578 257 XX
602 225 703 257 Lzbri
716 233 854 269 quarn.

196 293 291 326 xm.
321 292 476 330 Reddite,
505 304 589 334 quae
605 293 697 324 vobis
725 295 1030 335 commodavimus,
1059 301 1114 328 ta..

105 339 194 371 lenta
211 338 383 375 tredecim,
400 338 455 370 vel
470 337 649 369 dimidiam
675 339 794 370 saliem
810 348 956 382 partem:
983 342 1115 383 reliqua

106 385 258 426 quinque
278 383 371 415 vobis
401 395 470 414 uon
499 384 728 414 concessimus
756 395 812 426 spe
828 385 1015 427 recipiendi
1042 388 1114 418 ullo

105 428 221 467 modo,
239 427 374 471 quando
404 427 543 470 quidem
571 426 700 458 donum
730 430 841 459 vocari
870 433 1006 471 nequit,
1023 431 1114 472 quod

107 475 246 516 petitur.
295 473 364 505 Sed
379 474 404 504 si
422 480 511 504 tauta
528 484 680 503 annonae
698 474 832 505 caritate
860 475 1028 511 laboratis,
1046 477 1113 506 uon

106 518 218 549 solum
234 530 303 550 non
319 518 468 549 exacturi
482 528 601 548 sumus
620 517 785 555 debitum,
813 518 872 550 sed
888 527 919 550 et
934 521 1113 562 participes

103 574 161 594 vos
178 564 340 595 frumenti
367 564 472 594 nostri
491 563 662 601 faciemus,
691 562 856 604 quoniam
872 564 935 595 hoc
949 566 1115 597 amicitiae

104 616 235 640 vestrae
247 608 364 640 merita
375 607 560 651 postulant,
576 608 608 637 iu
625 609 935 640 remunerationem
946 609 1115 648 laborum,

106 664 144 683 ac
159 653 376 691 damnorum,
392 664 476 694 quae
492 653 594 682 nostri
612 663 725 683 amore
740 664 757 683 a
780 650 957 685 Phalaride
986 656 1115 697 accepi-

105 699 163 728 stis
178 700 209 729 iu
227 697 367 730 navibus
383 698 522 734 nostris3
549 705 581 728 et
608 697 690 727 certi
705 704 821 736 estote,
849 699 1025 740 promissis
1053 711 1115 730 uos

106 741 194 774 dona
209 743 418 784 coniungere
433 742 553 777 solere,
585 752 696 783 neque
723 742 803 785 pati,
834 751 872 774 ut
886 743 966 775 haec
993 743 1033 775 ab
1048 745 1116 776 illis

107 798 260 830 unquam
273 789 464 825 vincantur,
480 787 515 818 in
531 787 689 819 amicitia.

175 853 393 887 SENATUS
420 851 706 886 CATANAEUS
734 852 1052 888 ANDROPATRO

482 897 762 930 POLIAHCHO.

198 966 295 999 XIV.
320 967 477 998 Vicimus
505 973 538 997 te
565 966 675 1009 primo
703 967 843 1005 ratione,
871 965 963 1007 (licet
991 969 1116 1000 invicta

111 1020 264 1045 maneret
279 1012 458 1055 pertinacia
475 1010 554 1050 tua,)
571 1009 697 1041 deinde.
713 1022 830 1042 armis:
858 1013 1034 1053 reliquum
1050 1015 1117 1045 iam

110 1058 196 1089 nihil
214 1065 272 1092 est.
291 1058 351 1088 nisi
370 1064 415 1093 ut,
432 1066 492 1086 nos
508 1056 596 1098 ipsos
614 1055 794 1093 vincentes,
810 1063 842 1087 te
859 1058 1033 1088 vincamus
1048 1060 1116 1089 cle·

110 1106 246 1141 mentia,
263 1110 294 1133 et
311 1100 536 1132 misericordia
552 1108 663 1131 nostra
690 1103 888 1143 gravitatem
917 1103 1017 1133 etiam
1035 1102 1117 1134 deli--

110 1157 241 1179 ctorum
257 1155 399 1178 tuorum
414 1143 669 1188 praeponderet.
709 1146 882 1187 Quoniam
897 1153 1011 1178 autem
1028 1146 1116 1179 Cha-

109 1195 229 1236 ryllius
260 1202 396 1223 morum
423 1198 562 1222 tuorum
590 1188 866 1222 emendationem
895 1199 952 1222 tuo
978 1194 1117 1224 nomine

108 1239 276 1281 promisit,
301 1246 466 1277 suamque
494 1246 555 1278 pro
583 1242 638 1265 tua
656 1234 759 1267 fidem
774 1234 993 1267 iureiurando
1009 1238 1117 1268 inter-

108 1284 230 1326 posuit,
246 1282 380 1314 veniam
397 1281 454 1312 tibi
465 1280 749 1318 concessimus,ab
765 1281 885 1311 exsilio
897 1289 927 1312 te
938 1284 1116 1313 revocavi-

108 1338 196 1366 tuus,
213 1338 370 1369 poenam.
394 1333 426 1357 et
439 1336 494 1356 sex
510 1325 717 1356 talentorum
732 1323 886 1357 debitum
901 1325 959 1357 tibi
976 1329 1115 1358 remisi-

108 1384 198 1411 mus,
215 1374 318 1414 inque
346 1371 561 1402 castellorum
592 1376 742 1406 tuorum,
760 1371 1036 1413 reliquarumque
1065 1373 1116 1403 sa-

108 1419 275 1448 cultatum
297 1416 542 1459 possessiouem
558 1422 588 1445 te
603 1415 822 1446 restituimus.
880 1414 961 1447 Redi
1003 1417 1115 1458 igitur,

110 1463 263 1504 deposito
282 1460 454 1498 cadavere,
474 1459 564 1500 quod
582 1459 683 1501 longo
700 1467 730 1490 te
757 1467 908 1502 tempore
941 1462 1115 1503 sepultum

108 1507 236 1544 habuit,
253 1518 384 1538 novum
402 1506 506 1536 veluti
533 1503 710 1536 homiuem
741 1504 892 1542 indutus,
909 1503 949 1536 ad
965 1506 1115 1537 castissi-

108 1564 201 1583 mam
217 1560 322 1589 tuam,
337 1561 482 1593 praeque
497 1550 615 1579 ceteris
630 1549 764 1580 seminis
781 1550 938 1582 omuibus
952 1550 1113 1593 pulcher-

109 1598 231 1628 rimam
247 1595 454 1633 Petroniam,
471 1594 664 1626 divitiarum
679 1594 735 1626 tibi
752 1605 789 1625 ac
803 1595 917 1625 salutis
932 1605 1066 1626 causam
1081 1603 1115 1628 et

107 1644 319 1676 effectricem,
336 1652 420 1681 quae
434 1652 450 1671 a
467 1647 497 1671 te
515 1639 744 1680 ingratissimo
755 1640 875 1670 marito
890 1633 1035 1670 fastidita
1053 1648 1112 1675 est,

106 1697 184 1731 prae
200 1697 314 1718 amore
331 1686 480 1724 libertae,
496 1684 619 1716 sterilis
635 1691 735 1727 atque
763 1685 899 1716 effoetae
927 1686 1111 1718 meretricis
