1238 1888
388 7 771 43 EPISTOLAE.
1016 12 1082 48 25¹

75 89 164 111 nius.
211 77 303 110 Eum
319 77 431 120 itaque
450 77 536 117 bibe,
552 85 584 108 et
600 77 866 109 infelicissimam
882 76 970 109 hanc
985 78 1089 109 vitam

76 123 151 154 vive
166 135 245 155 cum
263 123 322 154 illo
337 123 517 166 supplicio,
534 134 682 164 cumque
703 122 898 154 crudelibus
917 123 983 153 illis
997 133 1091 153 mur-

74 169 116 199 tis
130 168 322 210 generibus,
339 179 425 210 quae
439 168 582 209 singulis
600 167 688 199 horis
699 167 758 198 tibi
773 169 1002 199 informatura
1020 166 1092 197 vin—

73 213 148 250 dex,
164 221 198 244 et
212 213 340 244 invidia
357 213 507 243 felicium
524 220 719 244 nostrorum
734 223 971 244 successuum:
994 213 1091 243 omni

72 257 177 289 modo
194 259 287 289 enim
302 258 343 289 ab
373 257 592 299 inquinandis
608 257 755 289 vindicta
779 267 832 289 tua
850 258 1006 289 manibus
1023 268 1090 287 no-

72 304 149 333 stris
165 303 372 340 cavebimus,
388 310 593 344 turpemque
606 303 701 333 illam
717 304 893 334 victoriam
904 302 1088 345 fugiemus,

74 359 177 389 quam
196 356 251 379 tua
268 348 366 379 nobis
384 349 518 379 miseria
534 348 680 378 afferret.

111 415 266 446 CATAN
278 414 420 447 ENSES
450 414 563 446 STES
573 415 747 446 lCHORO
780 414 1050 448 HlMERENSl.

162 482 203 514 Χ.
232 483 340 523 Veui3
358 481 639 524 quandoquidem
655 484 688 514 in
706 484 848 514 civitatis
865 489 1000 513 nostrae
1018 483 1088 512 iura

71 535 103 558 te
119 528 186 559 iam
201 529 405 569 recepimus,
429 528 528 558 sicuti
545 528 751 558 cai-minibus
768 527 891 571 pariter
913 535 946 557 et
961 527 1089 569 episto-

71 572 112 603 lis
128 585 144 603 a
161 572 257 603 nobis
273 574 366 614 petis,
384 573 556 615 positoque
573 574 665 603 omni
683 581 776 604 metu
792 572 854 603 sub
870 579 981 602 nostra
1003 583 1089 614 pro-

71 624 214 648 tectione
230 617 412 648 nobiseum
427 618 537 648 fruere
567 618 627 648 illa
650 618 806 649 libertate
834 625 865 647 et
893 617 1089 659 tiffliquilli-

71 670 152 699 tate,
168 673 270 703 quam
288 664 407 695 Musae
423 670 497 694 tuae
513 661 722 699 desiderant,
739 671 771 693 et
785 664 908 704 accipe,
925 673 1010 704 quae
1027 662 1088 692 tibi

72 709 106 739 in
122 705 317 738 subsidium
332 709 431 745 vitae,
447 718 484 738 ac
500 707 630 738 filiabus
647 709 712 739 tuis
740 709 774 739 in
801 706 929 745 dotem,
956 707 1089 738 liberali

72 763 180 783 manu
202 752 349 795 assignat
377 759 511 783 senatus
540 753 759 795 populusque
789 751 998 785 Cannensis,
1025 752 1088 782 soli

74 797 205 839 aliquot
221 797 346 839 iugera,
362 796 661 839 Epigrammatum
677 805 813 828 tuorum
831 799 915 828 silva
932 795 1088 827 celebra-

73 849 115 879 ta,
131 852 247 883 eaque,
262 842 290 872 si
307 853 375 876 non
392 850 428 873 ut
442 841 530 873 dona
545 842 676 872 meritis
690 844 757 873 tuis
768 841 1088 885 ingentibusdigna,

73 887 193 918 saltem
209 894 247 917 ut
272 887 400 929 primos
429 886 567 918 lionoris
595 897 631 917 ac
657 887 916 918 benevolentiae
942 887 1087 918 fructus.

75 932 214 974 Quippe
230 932 310 962 certi
326 942 456 970 sumus,
473 943 697 974 quaeeunque
714 944 781 963 uon
810 932 992 963 fecerimus
1015 943 1088 969 nos,

74 975 171 1008 facile
187 987 224 1007 ea
238 977 437 1019 suppletum
452 977 491 1008 iri
508 977 726 1018 amplissimis
741 978 808 1008 illis
825 978 974 1018 corporis
989 984 1088 1018 atque

75 1021 180 1053 animi
197 1019 346 1059 dotibus,
360 1021 484 1064 quibus
502 1022 554 1052 vel
565 1023 740 1053 universas
755 1023 844 1053 orbis
858 1029 1022 1052 terrarum
1039 1021 1088 1052 ‹li-

76 1066 173 1097 vitias
188 1073 358 1108 superant.
405 1065 500 1097 Duas
516 1067 600 1097 filias
629 1074 712 1105 tuas,
743 1068 795 1097 vel
811 1074 939 1098 nostras
967 1068 1087 1108 potius,

75 1122 158 1153 quas
173 1111 301 1142 reditus
317 1111 367 1141 tui
383 1112 488 1142 veluti
518 1110 651 1143 obsides
679 1111 776 1143 uobis
799 1112 996 1152 reliqueras,
1027 1123 1090 1142 nn-

75 1163 174 1198 ptum
190 1154 359 1190 dedimus.
375 1156 514 1187 alteram
540 1155 703 1195 Clarioni,
731 1158 873 1188 alteram
895 1155 1087 1193 Ten-achin,

76 1200 199 1231 sororis
215 1207 290 1231 tuae
305 1200 394 1231 filiis.
442 1200 580 1232 Publice
595 1202 709 1243 itaque
722 1201 834 1240 lauda,
862 1212 947 1242 quae
961 1209 1086 1232 secreto

88 1246 132 1277 ibi
148 1246 300 1288 placent:
316 1246 410 1276 facile
427 1246 517 1276 enim
547 1247 612 1276 iam
640 1247 814 1289 perspici5‚
843 1257 947 1287 quam
973 1247 1085 1288 ampla

71 1289 106 1322 hi
121 1291 258 1322 iuvenes
275 1290 457 1321 hereditate
481 1301 496 1320 a
528 1299 665 1332 parente
681 1303 752 1329 suo,
783 1291 929 1322 Patricio
960 1298 1086 1328 nostro,

70 1346 254 1409 quamquel
261 1336 406 1377 egregiis
423 1335 574 1366 moribns
590 1343 689 1378 atque
717 1337 860 1368 scientiis
891 1336 1087 1378 locupletati

70 1381 149 1417 sint,
164 1380 254 1422 ampl
260 1381 311 1412 exi
328 1392 430 1432 quam
447 1380 675 1423 cupidissime,
691 1393 758 1412 non
789 1389 923 1412 senatus
951 1389 1085 1412 tautum

72 1420 214 1466 gratiam
224 1425 329 1463 illam,
334 1433 370 1456 ut
380 1433 412 1456 et
421 1426 508 1468 ipsas
518 1426 671 1468 inprimis
681 1437 829 1469 sponsas,
843 1438 859 1456 ι
865 1437 963 1456 erum
972 1435 1004 1457 et
1014 1436 1087 1456 me-

71 1469 224 1501 diocrem
245 1469 368 1502 harum
391 1470 638 1508 conditionem,
654 1472 780 1514 quippe
797 1470 1086 1513 quibussummae

73 1513 186 1546 dotis
177 1526 283 1546 insta!
300 1515 438 1552 arridet,
467 1515 558 1557 quod
585 1517 652 1546 sint
667 1514 852 1547 Stesichori
870 1515 968 1547 filiae.
994 1515 1086 1547 Haec

71 1559 186 1591 omnia
204 1568 316 1592 tamen
333 1560 436 1591 invita
454 1569 507 1591 tna
535 1571 589 1591 sol
592 1572 649 1591 me
675 1568 839 1592 transacta
867 1569 957 1598 sunt,
999 1572 1086 1602 quae

70 1604 237 1636 maiorem
259 1612 339 1636 natu
367 1604 594 1648 desponderat
608 1604 823 1643 Ctesiandro,
849 1605 1086 1648 Agouothetae

71 1655 197 1689 nostro,
213 1650 273 1693 qui
289 1649 397 1681 forma
413 1661 450 1681 ac
467 1650 618 1682 moribus
633 1651 764 1694 puellae
788 1659 912 1694 captus,
939 1652 973 1682 in
991 1651 1085 1684 curia
