1238 1888
121 53 195 88 238
430 46 639 80 DIODORI
671 46 827 79 SICVLI

122 118 158 154 δὲ
175 117 236 153 καὶ
253 119 378 154 στόλον
392 119 450 153 τὸν
461 120 727 163 συλληψόμενον
739 117 802 152 τοῦ
815 118 981 163 πολέμου,
999 117 1131 164 ναύαρ-

119 188 182 219 χον
199 175 389 218 ἐπιστήσας
403 171 620 209 Ἐπαίνετον.
642 173 661 208 ὁ
674 171 800 220 δὲ’Άγις
810 175 955 221 ἐνεργῶς
965 173 1130 209 διαπολε-

119 230 231 275 μήσας
252 232 326 270 τοῖς
343 225 591 275 ἀφεστηκόσιν,
622 230 800 277 ἐκυρίευσε
818 231 908 264 κατά
927 231 1053 277 κράτος
1071 231 1131 272 τῆς

119 287 257 328 πόλεως,
287 285 347 320 καὶ
365 286 447 326 τούς
462 287 525 331 μὲν
545 282 679 324 αῗτίους
697 286 755 327 τῆς
774 283 1002 325 ἀποστάσεως
1021 286 1131 329 δήσας

120 340 319 377 ἀπέστειλεν
339 339 384 380 εἷς
403 341 465 384 τὴν
482 337 735 388 Ἀλεξάνδρειαν
748 353 756 361 ·
790 339 849 375 καὶ
866 341 931 375 τῶν
957 338 1068 376 ἄλλων
1088 341 1131 375 τοὶ

121 394 212 431 ὅπλα
231 397 477 443 παρελόμενος,
488 395 546 431 καὶ
566 396 608 430 τά
625 396 715 430 κατά
735 395 798 439 τὴν
817 398 918 430 πόλιν
937 395 1128 440 διοικήσας,

119 449 162 491 ὥς
180 448 258 486 ποτ’
286 450 399 492 ἔδοξεν
425 448 521 498 αὐτῷ
539 453 747 499 συμφέρειν,
783 453 987 495 ἐπανῆλθεν
1005 450 1051 491 εἷς
1069 453 1130 493 τήν

119 508 316 553 Αἴγυπτον.
346 508 572 553 Πτολεμαῖος
593 507 640 549 δὲ,
660 508 727 541 τῶν
747 506 827 555 περὶ
845 507 1016 555 Κυρήνην
1035 504 1130 552 αὐτῷ

119 564 208 599 κατὰ
236 563 320 597 νοῦν
341 560 610 607 ἀπηντηκότων,
650 562 768 611 διῇρεν
793 565 831 597 ἐκ
859 565 918 606 τῆς
941 561 1131 608 Αἰγύπτου

118 619 205 663 μετὰ
226 618 403 664 δυνάμεως
420 617 466 660 εἷς
485 620 548 661 τήν
566 618 732 664 Κύπρον,
753 617 811 653 ἐπὶ
830 619 912 660 τούς
929 616 1130 653 ἀπειθοῦν-

119 688 179 714 τας
197 676 263 709 τῶν
282 674 464 719 βασιλέων.
514 674 755 722 Πυγμαλίωνα
780 674 816 709 δὲ
837 673 945 722 εὑρών
964 673 1130 721 διαπρεσ-

119 730 310 776 βευόμενον
330 731 416 776 πρὸς
430 728 769 776 Ἀντίγονονᾶνεῖλε·
790 731 1004 778 Πράξιππον
1023 730 1131 765 δὲτόν

120 787 177 830 τῆς
195 787 386 827 Λαπιθίας
405 786 566 831 βασιλέα,
593 786 652 821 καὶ
672 786 732 820 τόν
752 788 809 830 τῆς
827 787 1003 834 Κερυνίας
1023 785 1127 820 δυνά-

120 853 204 884 στην
226 840 447 883 ὑποπτεύσας
466 840 653 889 ἀλλοτρίως
662 840 759 885 ἔχειν,
772 843 954 885 συνέλαβε,
965 841 1024 876 καὶ
1034 847 1126 876 Στα-

121 898 258 933 σίοικον
278 898 339 932 τὸν
358 900 422 932 τοῦ
444 900 628 940 Μαλιέως·
664 897 725 932 καὶ
744 898 805 941 τήν
819 898 882 944 μὲν
901 898 1004 932 πόλιν
1024 899 1128 932 κατέ-

121 965 252 997 σκαψε,
292 953 373 992 τούς
399 950 434 987 δ’
465 952 651 994 οἰκοῦντας
683 954 878 1000 μετήγαγεν
910 951 956 993 εἷς
982 953 1129 998 Πάφον,

120 1009 235 1043 ταῦτα
255 1008 291 1042 δὲ
310 1008 596 1056 διαπραξάμενος,
619 1011 678 1053 τῆς
696 1010 759 1055 μὲν
768 1009 923 1056 Κύπρου
943 1010 1130 1052 κατέστησε

122 1065 318 1111 στρατηγὸν
339 1067 590 1111 Νικοκρέοντα,
603 1063 787 1111 παραδούς
805 1066 865 1105 τάς
884 1077 919 1098 τε
937 1065 1053 1103 πόλεις
1070 1063 1132 1098 καὶ

123 1120 183 1158 τοὶς
203 1119 401 1166 προσόδους
427 1121 493 1155 τῶν
512 1121 782 1155 ἐκπεπτωκότων
805 1121 987 1167 βασιλέων.
1025 1116 1132 1159 αὕτός

123 1174 156 1209 δέ
173 1176 261 1220 μετά
282 1174 458 1222 δυνάμεως
474 1175 666 1216 ἐκπλεύσας
684 1176 741 1211 ἐπὶ
761 1178 821 1220 τῆς
831 1175 964 1223 Συρίας
982 1176 1041 1219 τῆς
1059 1170 1131 1210 ἅνω

122 1232 354 1277 καλουμένης,
383 1231 577 1267 Ποσίδειον
596 1230 657 1266 καὶ
675 1232 860 1277 ποταμοὺς
878 1232 1011 1279 Καρῶν
1028 1233 1130 1266 ἐκπο-

123 1288 308 1331 λιορκήσας
327 1286 530 1334 διήρπασεν.
568 1287 711 1332 ἑτοίμως
730 1287 766 1322 δὲ
785 1287 938 1328 πλεύσας
956 1286 1013 1321 ἐπὶ
1033 1289 1130 1321 Κιλι-

122 1342 208 1383 κίας,
230 1344 380 1377 Μαλλὸν
400 1337 482 1386 εἷλε,
522 1342 583 1377 καὶ
603 1343 686 1383 τοὺς
704 1344 1036 1391 ἐγκαταληφθέντας
1053 1343 1129 1376 ἐλα-

123 1397 389 1444 φυροπώλησεν.
445 1400 628 1446 ἐπόρθησε
655 1398 691 1433 δὲ
717 1399 776 1435 καὶ
795 1400 857 1443 τήν
878 1398 979 1446 ἐγγύς
998 1397 1129 1445 χώραν,

123 1453 181 1488 καὶ
197 1453 237 1488 τὸ
257 1454 494 1501 στρατόπεδον
513 1451 678 1500 ὠφελείας
695 1455 887 1500 ἐμπλήσας,
913 1452 1131 1489 ἀπέπλευσεν

123 1506 168 1549 εἷς
186 1510 249 1553 τήν
268 1510 432 1557 Κύπρον.
465 1509 680 1546 ἐπολιτεύετο
703 1510 738 1545 δὲ
757 1511 844 1558 πρὸς
861 1509 940 1550 τούς
958 1509 1129 1557 στρατιώ-

122 1578 183 1605 τας
205 1563 333 1606 οἱῖτως,
370 1566 624 1612 ἐκκαλούμενος
642 1563 758 1602 αὐτῶν
778 1567 838 1608 τάς
855 1564 1061 1612 προθυμίας
1083 1563 1127 1604 εἷς

125 1620 202 1662 τοὺς
220 1623 496 1669 ἐπιφερομένους
514 1621 709 1662 κινδύνους.
